3525 5692
416 663 478 762 lau
936 718 977 762 nn
1000 719 1110 764 Amos.

406 892 486 952 licet
506 885 595 970 ἄγεθ’
619 889 717 967 ἱλήκοι
741 890 871 951 defendi
889 895 1041 964 nequeat.
1062 893 1225 953 Praebent
1244 894 1313 954 cod.
1332 895 1354 953 S
1374 897 1408 954 et
1427 895 1605 968 Thucydidis

407 1005 536 1066 codices
559 1004 713 1066 meliores
735 1001 806 1065 loco
829 1004 1007 1065 notissimo
1029 1005 1092 1081 111,
1120 1007 1204 1066 104:

633 1112 692 1177 ἀλλ’
713 1113 773 1197 ,ἄγε
796 1111 830 1176 θ’
849 1116 957 1194 -ἱλήκοι

406 1226 515 1294 ubid’
541 1248 583 1293 ne
606 1232 684 1293 terri
706 1232 842 1305 quidem
865 1234 987 1306 potest.

451 1348 566 1408 Nonne
588 1345 764 1420 legendum
787 1335 861 1421 ἧμιν
884 1344 1028 1428 falsisque
1052 1349 1085 1406 et
1107 1341 1160 1426 δι’γι
1182 1344 1331 1424 fairinos?

451 1461 632 1520 Videamus
652 1478 675 1516 ιι
701 1459 764 1519 184
788 1459 821 1518 et
842 1481 860 1538 y
884 1459 970 1519 380:

632 1566 692 1632 ἀλλ’
718 1565 816 1649 itqo’,
838 1570 890 1630 ἵνα
912 1593 958 1632 τοι
981 1570 1179 1652 κεχαρισμένα
1203 1573 1321 1651 δώομεν
1343 1574 1403 1654 ἱρά.

629 1684 704 1746 ἀλλὰ
725 1681 857 1745 δάνασδ
886 1684 985 1763 itque,
1005 1686 1116 1747 δίδωθι
1139 1684 1173 1748 δέ
1196 1710 1247 1765 μοι
1269 1685 1354 1761 κλέος
1378 1686 1500 1749 ἐσθλόν.

449 1802 633 1863 Dummodo
656 1803 725 1862 iota
748 1800 941 1875 corripiatur
964 1801 1029 1876 legi
1053 1804 1181 1877 potest:

628 1912 703 1974 ἀλλὰ
724 1908 832 1992 Ηληθ’
858 1916 892 1975 et
915 1910 990 1974 diii
1011 1913 1155 1975 sorados
1177 1913 1296 1993 stipor.

447 2032 511 2090 Pro
534 2029 625 2090 brevi
649 2031 844 2090 numeratur
866 2029 935 2090 iota
958 2029 1050 2091 verbi
1073 2028 1235 2108 ἱλάσκομαι
1257 2033 1415 2105 quattuor
1437 2030 1536 2092 locis:

580 2146 604 2202 Β
628 2146 710 2206 55οτ
736 2141 815 2203 ἔνθα
839 2140 872 2204 δέ
895 2166 948 2221 μιν
971 2143 1109 2224 ταύροισι
1131 2142 1182 2204 καλ
1205 2139 1349 2223 ἀρνειοῑσ’
1375 2144 1517 2205 ἱλάονται.

575 2262 604 2316 Α
630 2260 710 2318 147:
735 2252 801 2338 ὄφρ’
827 2249 901 2335 ἧμιν
923 2258 1114 2339 δεκάδεργον
1137 2258 1272 2318 ἱλάσσεαι
1295 2257 1360 2338 ἱερὰ
1382 2256 1478 2338 ῥέξας.

577 2377 606 2431 Α
634 2373 712 2432 100:
737 2369 767 2444 ἒς
790 2372 928 2451 Χρύσην·
952 2371 1016 2434 τότε
1039 2371 1091 2434 κέν
1114 2396 1166 2451 μιν
1189 2373 1384 2451 ἱλασσάμενοι
1407 2371 1589 2450 πεπίθοιμεν.

402 2488 525 2560 Hymn.
549 2486 647 2560 XXI,
673 2489 711 2546 5:
735 2482 787 2545 nal
810 2484 847 2546 σὺ
868 2482 923 2564 μὲν
947 2486 1025 2548 οὕτω
1048 2492 1145 2567 χαῖρε,
1166 2486 1283 2565 δάναξ,
1305 2485 1409 2563 ἵλαμαι
1434 2483 1467 2546 δέ
1486 2480 1598 2568 σ’ἀοιδῇ.
1712 2463 1713 2486 ³

447 2600 530 2675 Quid
552 2601 677 2674 igitur?
709 2599 870 2662 Omnibus
891 2601 986 2678 locis,
1013 2601 1130 2675 quibus
1153 2603 1290 2663 exstant
1312 2602 1345 2661 in
1370 2601 1516 2662 carmine
1538 2600 1614 2674 epico

401 2716 527 2775 formae
547 2715 639 2775 verbi
658 2713 753 2792 ΐλημι,
774 2716 944 2790 digamma
964 2716 1096 2776 restitui
1115 2717 1224 2791 potest
1243 2748 1284 2759 —
1306 2715 1357 2776 vel
1374 2715 1482 2777 debet.
1495 2713 1614 2776 Cunctis

402 2830 493 2890 hisce
516 2829 598 2889 locis
621 2829 795 2890 invocatur
818 2828 906 2889 Deus
929 2829 1061 2905 Apollo.

446 2944 491 3003 At
521 2941 681 3018 ἱλάσκομαι
710 2943 879 3018 digamma
909 2957 1073 3017 nusquam
1105 2943 1264 3005 admittit.
1295 2944 1424 3004 Fierine
1455 2944 1560 3018 potest
1586 2941 1615 2998 ut

401 3055 539 3116 verbum
558 3054 654 3133 ἱλημι,
676 3057 831 3129 quoniam
851 3057 986 3131 saepius
1005 3071 1080 3117 cum
1099 3057 1251 3132 Apolline
1270 3066 1309 3139 τῷ
1328 3052 1408 3115 icida
1420 3056 1615 3117 coniunctum

400 3171 615 3256 inveniretur,
653 3171 869 3245 digammatis
903 3171 1044 3246 vestigia
1078 3170 1233 3247 servarit,
1270 3170 1348 3231 licet
1377 3169 1460 3230 haec
1489 3169 1616 3230 literae

402 3285 502 3345 verbo
526 3283 686 3360 ἱλάσκομαι
708 3299 844 3359 prorsus
868 3285 1086 3345 evanuisset?

447 3397 539 3459 Haec
573 3413 650 3458 vero
686 3398 836 3471 quaestio
867 3398 1052 3459 dirimenda
1083 3401 1136 3458 est
1166 3401 1345 3471 antequam
1375 3398 1512 3473 Gruppii
1532 3398 1615 3456 inter·

402 3512 586 3586 pretatione
621 3511 744 3585 „frisiis
776 3513 925 3572 Sithner’'
958 3512 1095 3587 reiecta,
1120 3512 1225 3586 accipi
1246 3511 1355 3586 possit
1376 3527 1501 3572 novum
1524 3509 1617 3585 ἕιομον

403 3640 423 3684 a
443 3625 537 3685 nobis
558 3625 747 3686 dubitanter
766 3626 988 3701 propositum:
1012 3623 1181 3701 „sacries
1200 3625 1304 3697 ἱιλεάς
1323 3624 1503 3702 significat:
1517 3621 1616 3699 Apollo
1709 3683 1710 3686 ,

402 3738 602 3814 Propitius'’.
635 3741 765 3814 Itaque,
795 3742 832 3799 ut
854 3738 1047 3814 plerumque
1070 3738 1108 3800 fit
1130 3740 1164 3799 in
1187 3739 1437 3813 quaestionibus
1459 3736 1618 3800 homericis

405 3853 658 3929 perpendendis,
693 3851 796 3914 finem
831 3854 973 3913 iacimus
1003 3854 1164 3928 rogando:
1196 3850 1229 3913 ἐν
1258 3850 1315 3932 γάρ
1345 3853 1478 3913 κλύδωνι
1508 3843 1617 3929 κείμεθ’,

405 3964 505 4044 ὥσπερ
529 3958 622 4025 οἶσθα
648 3966 702 4026 cdi
