3525 5692
523 729 565 774 na
588 727 806 775 uucmorrs
828 727 1024 774 urnnooura.
1325 718 1388 780 193

160 901 276 962 futura
297 901 505 976 praedicendi
528 901 703 961 incitatum
729 902 762 960 vi
784 901 841 960 illa
863 904 972 962 terrae
995 916 1078 974 quae
1100 903 1239 976 Pythiae
1261 920 1390 981 quoque

162 1020 312 1076 mentem
335 1016 448 1076 divino
467 1014 584 1076 afflatu
603 1013 789 1075 concitabat
805 1010 838 1084 ¹).
858 1015 942 1074 Nam
961 1015 1048 1074 sicut
1067 1018 1168 1076 ceteri
1187 1017 1231 1078 dii
1243 1020 1391 1083 chthonii

161 1129 295 1190 oracula
328 1129 469 1189 edebant
503 1128 556 1188 vel
590 1129 701 1204 potius
732 1128 849 1203 sopitis
878 1128 1147 1205 insusurrabant,
1178 1131 1227 1193 sic
1256 1131 1390 1212 Delphis

160 1245 244 1320 ipsis
267 1247 345 1304 ante
368 1242 533 1318 Apollinis
555 1243 737 1302 adventum
761 1242 825 1302 luit
848 1245 990 1315 μαντεῖον
1011 1241 1148 1320 χθόνιον,
1173 1248 1259 1319 quod

474 1355 690 1427 ποικιλόνωτος
713 1353 844 1427 alvenia
868 1355 988 1432 δράκων

476 1480 578 1553 σκιερᾷ
599 1468 782 1547 κατάχαλκος
804 1466 945 1552 εάφάλλῳ
968 1469 1072 1552 δάφνᾳ

474 1592 529 1662 γᾶς
551 1583 701 1660 πελώριον
719 1580 806 1660 τέρας
828 1580 950 1660 ἄμφεπε
966 1579 999 1655 ¹).

162 1699 340 1774 Trophonii
374 1702 487 1758 antem
523 1697 694 1758 oraculum
726 1698 853 1757 mansit
883 1698 969 1772 quod
1003 1699 1098 1760 initio
1129 1701 1237 1765 luerat
1267 1721 1307 1768 ac
1333 1724 1391 1785 per

161 1812 274 1873 omnia
308 1812 442 1871 saecula
472 1811 670 1871 incubatione
700 1811 814 1870 lutura
842 1812 1089 1887 praesagiebat,
1121 1816 1285 1889 Apollinis
1312 1837 1390 1884 vero

161 1941 297 1986 sacrum
331 1924 470 1998 Dionysi
504 1923 631 1985 cultum
665 1925 867 1984 ecstaticum
899 1924 934 1983 in
964 1938 1001 1984 ss
1031 1928 1155 2001 recepit
1178 1932 1212 1989 et
1233 1946 1391 2008 responsa

162 2040 258 2100 dabat
293 2038 495 2113 νίςλλοολιοιιο
525 2053 583 2112 per
614 2038 821 2099 sacerdotem
847 2037 1011 2098 instinctu
1035 2039 1146 2102 divino
1168 2042 1334 2107 iurantem
1355 2040 1389 2118 ³).

163 2153 428 2214 Admirationem
464 2154 551 2212 certe
583 2153 697 2211 movet
731 2151 921 2211 constantia
948 2152 1125 2226 Trophonii
1154 2157 1281 2233 cultus;
1311 2177 1389 2222 nam

161 2268 270 2328 fuerat
297 2265 446 2339 aequalis
476 2264 569 2326 illius
599 2264 805 2340 Aesculapii,
838 2279 935 2338 quem
967 2265 1117 2326 Thessali
1147 2268 1280 2332 Triccae
1311 2274 1393 2336 locis

161 2379 389 2441 subterraneis
422 2378 661 2453 implorabant,
697 2377 831 2438 saeculo
861 2381 973 2437 autem
1005 2379 1165 2440 Hadriani
1194 2383 1392 2451 immutatus

161 2498 363 2557 imminutus
398 2497 502 2556 etiam
534 2495 619 2571 apud
651 2494 795 2555 Graecos
824 2497 859 2554 et
880 2492 1039 2555 barbaros
1062 2496 1148 2556 vixit
1169 2497 1344 2575 floruitque
1356 2496 1391 2574 ⁴).

162 2610 367 2686 Agamedem
403 2611 515 2669 autem
552 2611 586 2668 et
620 2607 846 2682 Trophonium
879 2606 996 2667 heroes
1026 2608 1132 2670 iactos
1163 2613 1197 2670 et
1219 2613 1260 2672 ob
1283 2618 1389 2678 artem

162 2721 356 2784 aedificandi
386 2723 471 2797 apud
503 2721 742 2783 Orchomenios
772 2721 956 2781 celebratos
980 2737 999 2781 a
1022 2722 1143 2797 Minyis
1165 2723 1199 2783 in
1223 2726 1392 2804 Triphylia

162 2852 292 2910 quoque
311 2851 384 2896 esse
403 2836 526 2912 cultos,
546 2835 630 2896 nihil
650 2836 761 2896 obstat
781 2836 961 2909 quominus
980 2837 1166 2899 credamus.
1186 2839 1293 2913 Atque
1305 2844 1391 2907 hanc

162 2964 291 3023 quoque
311 2950 351 3010 ob
371 2964 507 3010 causam
528 2964 604 3009 cum
624 2950 751 3023 Augiae
771 2951 905 3009 nomine
925 2950 959 3008 in
978 2953 1059 3010 nota
1076 2950 1187 3012 iabula
1198 2956 1390 3019 coniunctos

161 3080 220 3125 eos
253 3078 328 3124 esse
359 3063 510 3137 arbitror,
543 3065 579 3123 ut
610 3062 836 3123 illustraretur
867 3063 1053 3137 Minyarum
1084 3065 1254 3140 ingenium
1283 3074 1390 3147 magis

161 3180 313 3250 acutum,
345 3192 409 3250 quo
440 3177 571 3237 invisus
594 3175 650 3237 ille
673 3176 797 3250 Augias
820 3175 1026 3250 lepidissime
1049 3184 1139 3240 esset
1161 3180 1335 3245 fraudatus
1357 3190 1390 3248 et

160 3289 360 3352 ludificatus.
393 3291 482 3366 Quae
509 3291 598 3351 enim
629 3290 696 3351 alia
718 3304 820 3351 causa
842 3290 970 3364 Minyas
994 3306 1187 3364 permovere
1209 3297 1328 3373 potuit,
1352 3304 1389 3361 ut

163 3421 285 3467 nornen
308 3404 423 3479 Hyriei
447 3418 522 3464 curn
547 3404 677 3478 Augias
699 3404 894 3463 mutarent?
918 3403 962 3462 At
984 3404 1172 3477 Agamedes
1194 3411 1227 3467 et
1251 3408 1390 3486 Tropho-

162 3521 238 3579 nius
271 3518 332 3594 illi,
364 3519 419 3591 qui
454 3518 597 3591 Augiam
633 3517 833 3592 deceperunt
866 3518 900 3576 et
934 3519 1051 3577 heroes
1082 3519 1305 3599 Orchomenii,
1337 3529 1392 3600 qul

163 3634 342 3693 duracunt
372 3630 543 3707 Hyrieum,
576 3629 664 3690 idem
696 3644 760 3689 nou
792 3629 941 3690 lueruntl
974 3630 1073 3691 Teste
1097 3633 1187 3693 enim
1211 3633 1354 3698 Charace
1368 3635 1390 3711 ⁵)

165 3745 330 3825 Ἀγαμήδης
365 3742 490 3823 άρχοον
524 3743 758 3820 Στυμφήλου
792 3751 845 3821 τῆς
877 3744 1033 3823 Ἀρκαδίας
1064 3743 1166 3825 ἐγάμει
1193 3743 1394 3832 Ἐπικάστην,

199 3976 219 4041 ¹)
233 3977 333 4038 cicaro,
350 3977 382 4025 de
400 3975 486 4023 Dirin.
504 3976 518 4022 I
536 3977 550 4034 ξ
565 3979 606 4024 88.

195 4067 215 4128 ¹)
235 4070 321 4130 Iphig.
336 4070 414 4116 Taur.
433 4068 506 4115 1145.

197 4158 274 4224 ³)Cf.
291 4159 419 4208 llohdium
441 4159 544 4218 Psyche
561 4159 588 4205 11
606 4161 648 4206 59.

195 4249 215 4313 ⁴)
233 4253 324 4310 Neque
341 4250 500 4298 comicorum
518 4251 708 4298 insectationes
722 4250 755 4296 ad
769 4247 821 4297 vim
837 4251 915 4299 huius
930 4253 1063 4312 religionis
1071 4256 1239 4304 minuendam
1250 4260 1392 4319 quidquam

164 4342 286 4398 valuisse,
305 4355 389 4402 neque
407 4340 562 4389 Dicaearchi
581 4345 714 4404 κατάβασιν
731 4344 762 4396 τὶς
782 4347 919 4405 Τροφονέοο
937 4343 994 4392 eius
1010 4344 1161 4393 auctoritati
1176 4351 1306 4412 nocuisse,
1321 4351 1398 4399 docet

166 4437 191 4483 d.
209 4437 238 4483 0.
255 4435 365 4483 Mueller
382 4434 459 4481 Oreb.
477 4434 491 4480 I
507 4447 534 4493 p.
553 4435 611 4495 lbl,
626 4432 673 4494 qui
688 4434 778 4481 laudat
792 4435 899 4482 oracula
915 4436 977 4482 data
992 4437 1025 4483 de
1036 4439 1107 4486 exitu
1116 4452 1221 4499 pugnas
1230 4442 1393 4501 Leuctricae,

162 4526 192 4573 de
207 4530 290 4574 morte
307 4525 432 4586 Philippi,
449 4525 482 4572 de
500 4526 616 4573 victoriis
635 4526 736 4582 Sullae;
754 4539 856 4573 neonon
872 4505 1060 4576 commemorat
1081 4530 1156 4577 ludos
1171 4533 1291 4592 publicos
1306 4537 1392 4584 aetate

161 4616 284 4665 Hadriani
307 4617 447 4666 Lebadeae
471 4615 582 4673 habitos,
606 4621 634 4664 et
656 4618 763 4664 oracula
787 4617 820 4664 de
843 4616 951 4666 civitate
969 4633 1084 4678 romana,
1103 4635 1171 4680 quae
1188 4625 1350 4685 Eutychides
1368 4627 1394 4673 ln

162 4723 237 4757 unum
257 4711 381 4757 volumen
399 4709 514 4755 oolleota
529 4722 543 4754 a
561 4709 604 4755 Tr.
623 4709 760 4766 accepisse
778 4708 925 4756 dicebatur.

197 4798 218 4864 ⁶)
236 4801 322 4850 Schol.
342 4800 410 4849 llub.
429 4802 487 4847 ⁶⁰8.

193 4888 336 4934 vurmnr.
1291 4893 1316 4936 13
