3525 5692
365 635 409 694 40
887 650 929 694 ns
952 650 1065 695 araus.

365 819 559 897 Depingitur
582 819 742 882 ,Palladiis
772 821 1015 894 antiquissimis
1044 821 1151 882 telum
1174 820 1382 882 vibrantibus
1403 819 1600 894 simillima;

364 935 502 996 vocatur
519 934 765 1012 Obrimopatra‚
783 933 1044 1012 Alalcomeneis‚
1064 935 1183 997 Itonia.
1202 936 1285 997 Ecce
1297 950 1326 996 e.
1338 951 1370 1011 p.
1384 937 1413 992 Ε
1424 935 1489 994 736
1500 948 1595 1007 sqq:

585 1043 606 1126 ἡ
629 1044 663 1108 δέ
684 1043 780 1127 χιτῶν’
805 1045 922 1108 ένδῦσα
945 1047 1018 1122 Διὸς
1040 1045 1274 1128 νεφεληγερέταο

584 1161 718 1241 τεάχεσιν
740 1159 771 1235 λς
792 1160 927 1240 πόλεμον
946 1155 1137 1242 ’θωρήσσετο
1161 1161 1348 1242 δακρυόεντα

586 1272 617 1348 λς
640 1269 670 1335 δ’
695 1273 765 1356 ὄχεα
787 1275 904 1358 φλόγεα
926 1272 999 1338 πόσ’
1025 1276 1162 1358 λβήσετο,
1182 1278 1284 1352 λάζετο
1308 1270 1338 1338 δ’
1362 1275 1447 1358 ἔγχος

585 1387 681 1468 βριθὺ
703 1386 780 1470 μέγα
802 1390 949 1471 στιβαρόν
974 1429 1014 1440 -
1040 1389 1271 1471 Ἀλαλκομενηλς
1289 1391 1414 1470 Άθηνή.

408 1504 468 1565 list
484 1504 546 1565 dea
564 1520 664 1578 quam
683 1505 885 1582 gloriantem
903 1507 1058 1568 audimus
1076 1508 1163 1584 apud
1182 1508 1303 1572 Aescb.
1323 1507 1418 1568 Eum.
1438 1522 1490 1566 vs.
1507 1507 1596 1567 827:

585 1616 637 1678 καλ
658 1618 773 1704 κλῇδας
796 1611 867 1680 οἶδα
890 1619 1028 1698 δώματος
1051 1619 1131 1699 μόνη
1154 1626 1240 1683 θεῶν

586 1729 620 1792 έν
642 1726 666 1816 ᾧ
689 1731 839 1813 κεραυνός
862 1730 945 1794 έστιν
968 1731 1216 1815 ἐσφραγισμένος.

409 1847 498 1908 lovis
521 1849 559 1908 ut
581 1847 699 1908 induat
722 1862 818 1909 arma
840 1849 935 1910 exuit
955 1845 1073 1909 πέπλον
1093 1847 1099 1927 Ι
1119 1850 1263 1910 ποικίλον
1286 1848 1323 1910 ὅν
1345 1844 1373 1929 ρ’
1398 1847 1477 1927 «detq
1494 1843 1601 1925 ἰιιιη

366 1975 437 2019 caro
466 1956 518 2019 ιιιιλ
545 1953 634 2037 ’κάμε
660 1959 760 2039 pepon
783 1964 917 2023 vestem
939 1963 1052 2040 igitur,
1075 1943 1350 2041 qualem‘aeqve
1368 1957 1502 2042 Ἐργάνη
1522 1965 1598 2023 tam

362 2089 463 2136 suum
494 2073 598 2150 ipsius
627 2075 662 2134 in
691 2090 792 2136 usum
823 2091 923 2150 quam
954 2078 1141 2138 ceterarum
1164 2078 1301 2139 dearum
1324 2078 1359 2138 in
1381 2076 1596 2139 commodum

363 2189 471 2250 tacere
501 2187 641 2250 solebat.
671 2188 841 2251 Eiusmodi
871 2189 1007 2266 peplum
1038 2192 1155 2265 quinto
1184 2207 1314 2266 quoque
1336 2206 1422 2253 anno
1445 2191 1487 2252 ab
1508 2188 1598 2270 ἔργα-

364 2302 481 2375 αιίνιιις
502 2302 765 2364 Atheniensibus
788 2304 983 2379 accipiebat.

405 2417 521 2480 Altera
551 2419 604 2480 est
634 2419 782 2480 Minerva
812 2419 909 2480 cuius
931 2419 965 2480 in
990 2423 1015 2478 Z
1038 2418 1076 2479 iit
1099 2420 1241 2496 mentio,
1265 2436 1365 2496 quae,
1388 2419 1482 2493 quasi
1504 2420 1598 2479 esset

363 2533 454 2594 urbis
478 2535 632 2609 patrona,
654 2532 780 2609 templo
804 2533 838 2593 in
861 2548 937 2594 arce
956 2534 1107 2610 praedita
1125 2533 1330 2594 describitur.
1350 2535 1396 2594 Ut
1413 2532 1600 2607 Erythraea

363 2647 511 2709 Minerva
543 2648 664 2709 sedens
691 2647 726 2708 in
756 2647 877 2708 throno
907 2647 1106 2724 depingitur,
1138 2648 1280 2708 donatur
1308 2647 1403 2723 peplo
1432 2661 1498 2707 non
1527 2646 1597 2718 qui-

364 2761 440 2822 dem
471 2761 523 2822 die
554 2761 656 2836 testo,
679 2760 737 2821 sed
760 2775 824 2834 quo
847 2763 999 2837 tempore
1021 2763 1197 2822 matronae
1220 2761 1383 2822 Troianae
1405 2775 1501 2836 opem
1525 2760 1599 2820 eius

364 2875 594 2950 deprecantur.

408 2987 434 3048 ll
459 2988 611 3050 versibus
636 2990 661 3045 Z
685 2988 750 3048 302
774 3004 862 3062 sqq:

585 3097 604 3180 ἡ
629 3096 658 3162 δ’
685 3098 744 3182 άρα
767 3099 883 3164 πέπλον
903 3101 1013 3164 ἑλοῦσα
1040 3101 1146 3165 Θεανὼ
1169 3102 1372 3186 καλλιπάρῃος

583 3209 694 3293 ’θῆκεν
717 3216 881 3296 Ἀθηναίης
906 3214 956 3277 έπλ
977 3217 1126 3298 γούνασιν
1148 3214 1297 3295 ἠυκόμοιο

586 3326 732 3409 εδχομένη
756 3325 783 3390 δ’
810 3327 902 3410 ἠρᾶτο
926 3329 1000 3403 Διδς
1022 3331 1118 3414 κούρη
1141 3329 1291 3410 μεγάλοιο·

588 3439 706 3521 ,πότνι’
733 3445 898 3524 Ἀθηναίη,
920 3444 1091 3525 ῥυσόπτολι,
1114 3445 1166 3506 δῖα
1189 3443 1306 3523 θεάων,

586 3557 683 3631 letos
707 3555 746 3636 δὴ
769 3557 853 3639 ἔγχος
879 3559 1051 3638 Διομήδεος
1074 3556 1130 3639 tel
1152 3557 1204 3620 καὶ
1225 3558 1320 3621 αὐτὸν

586 3669 703 3753 πρηνέα
728 3670 780 3744 δός
803 3670 931 3752 πεσέμεν

366 3791 502 3863 apparet
525 3788 610 3848 hanc
632 3803 760 3861 quoque
783 3788 880 3849 deam
905 3791 943 3849 ut
962 3789 1105 3850 Itoniam
1126 3793 1197 3850 tam
1216 3789 1383 3864 Erganam
1401 3802 1501 3861 quam
1519 3787 1593 3846 Pro-

364 3901 521 3963 maohum
540 3901 644 3962 tuisse
665 3935 705 3946 -
726 3904 764 3962 ut
787 3903 860 3977 ipsa
883 3918 937 3964 res
960 3903 1098 3964 ferebat.
1123 3903 1212 3963 Alibi
1235 3904 1269 3963 in
1293 3903 1397 3963 iliade
1419 3916 1485 3962 non
1508 3916 1596 3976 repe·

365 4015 460 4092 ritur,
492 4015 640 4089 quinimo
663 4016 762 4077 unico
784 4016 857 4077 loco
881 4016 938 4077 ubi
961 4017 995 4077 in
1018 4032 1175 4078 scaenam
1199 4017 1345 4092 procedit
1368 4031 1464 4091 opem
1487 4014 1597 4090 deplo-

364 4131 474 4191 ratam
498 4128 651 4190 Troianis
675 4130 834 4204 denegat:

965 4241 1089 4305 ἀνένευε
1114 4241 1147 4305 dl
1170 4243 1294 4316 Παλλὰς
1318 4242 1449 4322 Ἀθήνηλ

408 4357 491 4433 Quid
511 4358 588 4419 huic
606 4357 736 4419 numini
756 4373 832 4418 cum
852 4359 1026 4420 Troianis?
1045 4359 1132 4420 Nihil
1152 4361 1250 4420 certe.
1264 4359 1375 4432 Neque
1388 4346 1594 4433 inimicitiae,

364 4481 450 4546 quae
483 4471 571 4532 inter
604 4472 787 4532 Minervam
822 4475 856 4533 et
889 4473 1009 4534 Aiaces
1044 4475 1194 4550 exstant,
1225 4473 1340 4534 haberi
1369 4474 1509 4548 possunt
1538 4486 1596 4546 pro

365 4585 571 4647 solemnibus
598 4585 797 4662 inimicitiis,
823 4586 938 4658 quales
961 4587 1049 4648 inter
1067 4588 1159 4649 urbis
1180 4587 1352 4648 cuiusdam
1371 4587 1545 4662 patronam
1565 4587 1601 4646 et

367 4699 466 4772 buius
501 4699 592 4771 urbis
626 4700 868 4788 oppugnatores
904 4701 1015 4789 vigere
1049 4701 1170 4774 solent.
1205 4702 1288 4772 Nam
1320 4715 1528 4793 nequaquam
1561 4701 1598 4778 ut
