3525 5692
389 709 430 772 84
912 727 952 774 nr
975 729 1086 776 araon.

387 901 439 961 est
464 899 602 974 opuntis.
626 900 679 961 Sic
700 900 896 963 devenimus
916 902 956 962 ad
980 902 1162 964 Locridem.
1182 905 1295 978 Neque
1317 905 1441 967 mirum
1461 906 1568 983 fuerit,
1581 906 1613 966 si

307 1077 326 1098 .-
387 1014 596 1076 Hodoidokos
622 1015 681 1075 Ilei
704 1016 877 1077 Locrensis
901 1017 996 1091 pater
1017 1016 1105 1076 idem
1129 1017 1174 1078 sit
1196 1033 1235 1078 ac
1259 1018 1386 1093 oxylus
1409 1016 1425 1078 i
1447 1019 1612 1097 τριόφθαλ-

386 1154 442 1208 μος
473 1131 526 1193 vel
556 1126 571 1190 ὁ
602 1129 692 1208 spico
725 1129 779 1189 vel
814 1125 830 1188 i
859 1127 992 1207 τριόιως.
1031 1130 1192 1207 iriopium
1231 1148 1309 1193 vero
1343 1135 1611 1209 promunturium

387 1248 613 1309 Halicarnasso
646 1243 792 1304 vicinum
827 1244 934 1304 denuo
969 1245 1010 1305 ad
1041 1245 1142 1306 Asiae
1172 1246 1281 1307 locum
1310 1247 1499 1308 Telamonia
1522 1248 1610 1308 cultu

347 1421 363 1451 ,Ι
385 1364 550 1442 insignem
574 1375 635 1422 nos
659 1359 800 1420 abducit.

282 1491 296 1550 ,t
318 1446 358 1512 sb
417 1477 557 1538 Usener
590 1476 624 1534 in
655 1474 935 1534 commentatione
966 1472 1146 1534 utilissima
1180 1473 1263 1549 „Der
1288 1475 1374 1535 Stoff
1394 1476 1452 1536 des
1476 1477 1611 1550 griechi-

192 1621 232 1684 (μ
261 1552 277 1580 ⁵
307 1559 316 1580 i
383 1592 485 1652 echon
517 1590 602 1665 Epos
624 1605 655 1664 p.
680 1583 723 1650 25
742 1588 835 1662 sqq.”
865 1587 963 1661 oxyli
995 1587 1047 1648 vel
1079 1587 1268 1649 Hodoadoci
1291 1590 1444 1650 naturam
1469 1590 1609 1664 detegit:

297 4500 321 4535 V

383 1707 436 1764 est
459 1705 539 1765 deue
561 1700 731 1778 φιλόξενος,
754 1701 947 1776 υυΙΙιουΙωε,
972 1700 1132 1762 mortales
1152 1716 1269 1763 omnes
1289 1703 1473 1779 excipiens,
1498 1703 1611 1764 orcus.

427 1817 521 1878 Unde
562 1816 710 1889 sequitur
752 1814 859 1874 ileum
895 1813 948 1874 vel
983 1813 1113 1874 oileum
1149 1814 1223 1876 oroi
1258 1815 1362 1876 fuisse
1396 1814 1512 1878 filium.
1545 1817 1610 1876 Ubi

382 1930 534 1990 habitat?
556 1930 593 1989 In
617 1929 734 2004 oppido
757 1928 914 1989 Locrensi
937 1928 1073 2003 Naryoe,
1100 1928 1154 1988 ubi
1179 1930 1213 1988 et
1236 1928 1371 1989 Aiacem
1396 1932 1514 1991 natum
1538 1946 1612 1992 esse

381 2043 501 2106 statuit
523 2043 709 2118 Stephanus
732 2043 810 2116 Byz.
836 2043 927 2103 hieoe
947 2040 1074 2101 verbis:
1091 2040 1227 2118 ,Νᾶρυξ
1248 2041 1334 2112 πόλις
1354 2041 1609 2120 Aeneidem&

381 2154 413 2218 δὲ
446 2157 607 2235 Ναρύκιον
637 2155 692 2233 τὴν
722 2155 813 2216 πόλιν
844 2153 939 2231 φασὶν
971 2151 1001 2228 ἐξ
1031 2145 1067 2231 ἧς
1092 2153 1201 2226 Αἴας”.
1233 2153 1279 2215 De
1303 2156 1365 2217 hoc
1389 2157 1507 2232 oppido
1530 2157 1609 2218 Fick

380 2272 551 2333 observat:
582 2269 710 2349 ,Νᾶρυξ
742 2285 783 2330 an
811 2270 868 2330 der
891 2263 1107 2330 Heeretrasze
1130 2284 1194 2329 von
1218 2269 1356 2329 Trachis
1379 2271 1464 2330 nach
1487 2271 1611 2331 Phohis

379 2381 430 2455 (cf.
455 2400 556 2460 supra
578 2383 754 2459 Teuthras,
788 2384 947 2458 Trechua,
982 2382 1115 2444 Oroates
1149 2384 1176 2440 E
1201 2383 1263 2443 705
1289 2387 1350 2455 sq.)
1382 2383 1512 2444 euthalt
1538 2385 1608 2445 das-

380 2499 470 2561 eelba
506 2500 723 2561 Stammwort
758 2496 820 2558 wie
854 2497 1052 2572 Naryandos
1084 2498 1116 2557 in
1150 2496 1305 2558 Karien''.
1337 2497 1502 2572 suspicati
1533 2501 1615 2557 sunt

379 2629 410 2675 v.
437 2614 467 2674 d.
492 2613 642 2673 hodierni
666 2628 693 2672 e.
717 2627 748 2686 g.
773 2613 895 2673 Jensen
920 2613 965 2682 (Z.
990 2611 1026 2673 D.
1052 2613 1092 2674 M.
1115 2611 1151 2673 G.
1173 2615 1215 2672 48
1239 2628 1269 2688 p.
1290 2614 1366 2683 477)
1391 2612 1509 2687 oppida
1528 2612 1610 2672 dosi-

379 2728 493 2787 nentia
515 2728 548 2786 in
572 2725 666 2800 ανδα,
686 2724 771 2802 avoc,
790 2725 868 2784 ονδα
888 2726 950 2786 hoc
970 2724 1092 2787 suiflxo
1113 2727 1285 2801 designare
1305 2726 1453 2801 „urbem
1468 2725 1612 2785 locnm'’.

378 2839 576 2918 Ναρυ-ανδος
610 2840 711 2916 igitur
744 2841 869 2901 indicat
903 2840 1014 2902 locum
1045 2856 1177 2902 sacrum
1208 2842 1303 2916 genio
1336 2841 1481 2915 cuidam,
1515 2840 1610 2900 ouius

378 2953 633 3029 appellativum,
649 2968 726 3013 cum
750 2963 831 3036 νᾱρῷ
857 2953 1013 3030 „fluvio”,
1040 2963 1144 3036 υασμῷ
1171 2953 1305 3029 „fonte”
1332 2953 1496 3014 cohaeret.
1522 2952 1614 3028 Quod

378 3067 419 3126 ad
454 3067 581 3127 formas
615 3067 846 3145 Νᾶρυξ-Νᾶρυς
877 3069 999 3128 attinet
1031 3067 1229 3128 conferenda
1260 3068 1339 3126 eunt
1360 3066 1497 3127 nomina
1520 3065 1600 3127 Atac

378 3177 475 3256 Αἴας,
507 3175 770 3251 Uita-'odoacris
796 3179 878 3241 oum
898 3181 1034 3241 nomine
1053 3181 1180 3256 Naryce
1200 3182 1376 3242 cohaerere
1396 3182 1475 3255 puto
1494 3179 1610 3256 Νάρων

375 3294 499 3355 flumen
530 3292 715 3355 Dalmatiae
747 3294 865 3364 (strab.
891 3294 961 3370 VII,
987 3295 1073 3368 315),
1105 3296 1175 3372 Νᾶρ
1199 3295 1323 3354 flumen
1346 3293 1464 3354 Italiae
1489 3294 1605 3364 (strab.

376 3406 405 3465 V
429 3408 516 3477 227).
541 3406 590 3466 Ab
614 3408 732 3469 eadem
756 3408 865 3468 radice
886 3407 1068 3468 deveniunt
1087 3407 1209 3485 Νηρεύς
1231 3408 1282 3477 (of.
1304 3407 1367 3467 adi.
1381 3406 1475 3485 ναρός
1488 3407 1608 3470 Aesch.

376 3520 415 3580 ir.
441 3520 523 3594 347;
550 3520 647 3595 Soph.
671 3521 711 3581 ir.
737 3523 801 3582 569
823 3516 910 3594 (him
932 3535 1105 3595 neograeo.
1126 3519 1194 3598 νερό
1215 3526 1324 3596 aqua),
1346 3519 1605 3598 Νήρικοςω377,

376 3631 510 3710 naama
541 3631 558 3712 a
584 3634 659 3709 noa,
698 3632 834 3711 naam
870 3648 968 3694 mons
1003 3634 1138 3694 ithacae
1173 3614 1297 3695 assa.
1333 3633 1467 3694 saurus
1501 3634 1625 3711 forme¹

376 3745 629 3821 simplicissima
651 3761 717 3807 non
743 3749 795 3808 est
819 3769 875 3818 νας
900 3751 938 3825 (ρ)
962 3748 1021 3808 sed
1044 3768 1098 3823 να,
1120 3768 1161 3806 νε.

420 3860 505 3921 Aiax
538 3859 641 3934 igitur
675 3862 775 3921 natus
810 3863 863 3922 est
896 3862 988 3936 „loco
1020 3875 1124 3934 aquae
1156 3861 1263 3932 (fonti)
1296 3861 1437 3922 vicino''.
1463 3861 1550 3922 Fons
1574 3862 1611 3920 et

375 3971 468 4033 locus
504 3973 586 4036 orco
623 3987 715 4034 sacer
750 3974 883 4048 saepius
919 3974 1164 4048 coniunguntur
1200 3990 1227 4037 e.
1246 3989 1279 4048 g.
1310 3975 1405 4034 Paua.
1437 3974 1461 4048 1,
1496 3973 1548 4048 38,
1566 3973 1605 4045 5;

375 4084 538 4161 Theophr.
574 4086 614 4146 H.
639 4086 686 4147 Pl.
712 4085 741 4163 1,
767 4090 801 4161 o,
827 4089 865 4160 ὃς
899 4087 1021 4147 Athen.
1051 4086 1121 4162 XV,
1148 4087 1190 4148 62
1215 4102 1245 4161 p.
1271 4085 1387 4161 7010;
1423 4087 1520 4146 Paua.
1545 4085 1604 4160 ΙΙΙ,

375 4198 427 4274 26,
455 4201 492 4273 6;
517 4201 615 4261 Paua.
639 4201 680 4277 ΙΙ,
706 4202 759 4276 37,
784 4203 815 4261 4.

417 4311 481 4371 Ubi
517 4327 594 4374 vero
629 4315 782 4374 mortuus
813 4315 889 4375 est?
925 4314 1111 4374 Secundum
1144 4313 1330 4388 odysseam
1363 4315 1488 4376 interiit
1520 4314 1605 4389 apud

373 4425 565 4501 Myconum,
587 4442 650 4500 quo
673 4427 713 4488 de
736 4427 807 4488 loco
832 4427 949 4488 Strabo
973 4426 1073 4487 habet
1097 4427 1178 4488 haec
1203 4427 1254 4504 (X,
1268 4429 1406 4503 p.487):
1435 4427 1604 4503 ,Μύκονος

370 4533 422 4613 ὑφ’
447 4531 467 4621 ᾗ
490 4538 663 4616 μυθεύουσι
686 4543 809 4600 κεῖσθαι
832 4549 892 4600 τῶν
914 4538 1064 4619 γιγάντων
1088 4537 1158 4610 τοὺς
1185 4537 1331 4610 ὑστάτους
1352 4534 1403 4616 ὑφ’
1420 4535 1605 4619 Ἡρακλέους

367 4649 615 4722 κατωλυθέντως”
643 4653 831 4726 (legendum
856 4669 975 4715 censeo
999 4649 1284 4724 κυταλευσθὲντας).

412 4765 529 4826 Ultimi
564 4774 624 4824 τῶν
654 4763 768 4844 ἀγρίων
800 4766 907 4842 φύλων
940 4767 1100 4846 Γιγάντων
1123 4766 1169 4826 ibi
1193 4767 1330 4841 rupibus
1355 4768 1499 4842 cooperti
1523 4767 1605 4828 iace·
