3525 5692
387 692 449 751 120
908 708 950 752 nn
972 707 1084 753 araur.

380 876 570 949 Dascylium
594 878 628 937 in
652 878 843 952 Mygdonia3
875 877 958 939 Grae
981 878 1121 952 denique
1141 892 1184 938 ex
1204 876 1366 938 Archelao
1386 877 1487 936 natus
1504 877 1612 935 trans·

381 991 474 1051 misit
497 991 689 1064 Granicum,
713 992 777 1051 iter
800 991 880 1052 fecit
903 1007 961 1068 per
984 991 1160 1067 Troadem,
1185 991 1304 1066 petivit
1326 988 1483 1049 Lesbum.

426 1104 509 1163 Grae
532 1119 716 1178 eponymus
740 1105 831 1165 urbis
853 1105 972 1165 Graiae
995 1106 1035 1165 ad
1059 1105 1218 1180 Oropum,
1242 1103 1298 1176 qui
1320 1102 1448 1178 primus
1468 1101 1611 1162 Graecos

379 1217 414 1278 in
448 1217 609 1278 Troadem
642 1218 842 1292 introduxit,
875 1221 1012 1279 centum
1042 1219 1162 1292 viginti
1193 1218 1291 1277 annis
1313 1217 1389 1291 post
1412 1214 1544 1275 Troiam
1569 1213 1610 1272 ab

381 1330 632 1404 Agamemnone
673 1336 900 1408 expugnatam
943 1333 1070 1392 vixisse
1107 1331 1238 1391 dicitur.
1273 1331 1395 1391 Narrat
1428 1327 1613 1389 Pausanias

381 1444 450 1519 (ΙΙΙ,
476 1445 506 1520 2,
531 1446 560 1516 1)
594 1446 663 1505 iam
693 1445 885 1506 Penthilum
915 1445 1058 1506 Lesbum
1082 1445 1229 1520 venisse,
1253 1423 1416 1504 Pindarus
1439 1457 1531 1517 vero,
1557 1441 1614 1500 ubi

383 1557 550 1618 Tenedum
575 1558 707 1636 laudat,
731 1560 839 1620 addit:

871 1674 1059 1750 Ἀμύκλαθεν
1081 1672 1139 1753 γὰρ
1163 1671 1219 1752 ἔβα
1243 1671 1301 1732 σὺν
1321 1666 1444 1751 Ὀρέστᾳ

605 1783 739 1846 Αἰολέων
763 1785 905 1865 στρατιὰν
928 1785 1113 1866 χαὶκεντὲων
1138 1781 1215 1865 δεῦρ’
1243 1784 1367 1864 ἀνάγων

778 1903 883 1973 (Nem.
897 1903 953 1979 XI,
969 1904 1011 1963 44
1026 1903 1066 1964 ci.
1080 1903 1193 1964 Treta.
1206 1903 1246 1962 ad
1260 1899 1422 1976 Lycophr.
1437 1913 1485 1957 vs.
1502 1897 1610 1964 1374).

424 2014 545 2075 Eodem
569 2016 717 2090 tempore
741 2031 804 2090 quo
827 2017 1000 2077 Penthilus
1024 2017 1142 2078 Aulide
1164 2015 1331 2092 proiectus
1353 2013 1459 2074 altum
1478 2010 1610 2086 petivit,

380 2126 478 2188 Cleua
511 2128 589 2188 Dori
623 2127 711 2190 illius
746 2131 780 2189 et
814 2129 940 2190 Maleus
971 2130 1129 2194 oriundus
1159 2129 1199 2188 ab
1231 2130 1482 2203 Agamemnone
1510 2124 1610 2183 aliam

381 2241 544 2301 coloniam
575 2242 609 2301 in
640 2242 755 2302 Asiam
786 2242 1012 2318 deduxerunt;
1045 2243 1099 2303 diu
1130 2244 1244 2302 autem
1277 2242 1310 2300 in
1344 2239 1480 2300 Locride
1511 2238 1609 2309 atque

380 2355 421 2414 ad
445 2356 595 2414 montem
619 2355 787 2415 Pbricium
811 2357 933 2415 morati
955 2356 1062 2416 serius
1086 2371 1177 2416 mare
1200 2355 1430 2415 tramiserunt.
1458 2350 1610 2412 Condide-

379 2469 455 2527 runt
478 2466 615 2544 cumas,
641 2468 696 2528 ubi
725 2470 843 2543 postea
865 2482 961 2544 reges
984 2469 1141 2529 vivebant
1164 2468 1433 2542 Agamemnones
1455 2463 1610 2539 appellati

380 2580 516 2650 (Polluc.
544 2581 601 2658 IX,
627 2582 700 2657 83),
725 2582 774 2642 uti
796 2581 895 2642 Lesbi
918 2582 1103 2656 regnabant
1124 2581 1203 2642 olim
1229 2579 1455 2641 Penthalidae.

426 2695 498 2755 Hae
529 2670 757 2770 expeditiones
785 2709 805 2754 a
828 2695 996 2756 nonnullis
1019 2710 1077 2771 pro
1101 2695 1199 2755 rebus
1222 2693 1308 2755 dotis
1332 2693 1495 2753 habentur
1518 2706 1610 2752 exco-

379 2809 504 2884 gitatae
534 2809 568 2867 in
600 2810 813 2870 commodum
842 2810 1115 2871 Penthalidarum
1146 2808 1288 2870 Lesbum
1312 2807 1535 2868 habitantium
1559 2806 1611 2866 vel

379 2922 541 2983 nobilium
573 2921 694 2983 Cumas
718 2923 949 2999 incolentium,
975 2924 1030 2998 qui
1057 2925 1098 2984 ad
1121 2923 1273 2984 Orestem
1297 2923 1350 2983 vel
1372 2924 1413 2984 ad
1437 2923 1610 2997 Agamem-

377 3051 499 3096 nonem
522 3038 701 3097 stemmata
723 3053 785 3098 sua
807 3039 962 3099 reducere
988 3038 1119 3100 vellent.
1144 3037 1260 3098 Tutius
1285 3051 1362 3098 vero
1381 3039 1610 3097 statuemusa

378 3150 553 3224 generibus
576 3151 733 3227 Aeolicis,
759 3166 843 3225 qnae
873 3154 990 3226 postea
1011 3151 1123 3227 Lesbi,
1148 3150 1272 3226 Gumis,
1297 3151 1494 3226 regnabant,
1520 3150 1611 3225 epica

376 3263 513 3324 nomina
547 3264 636 3325 hisce
671 3279 748 3325 cum
780 3265 1048 3340 expeditionibus
1078 3265 1182 3326 fuisse
1217 3265 1406 3342 coniuncta,
1438 3269 1476 3326 ut
1497 3267 1609 3339 patres

378 3391 457 3436 suos
492 3377 611 3437 multis
640 3378 708 3438 iam
738 3379 880 3439 saeculis
912 3382 1004 3455 ante,
1036 3380 1152 3440 statim
1176 3381 1253 3455 post
1274 3379 1399 3441 bellum
1424 3379 1607 3454 troianum,

378 3490 412 3550 in
442 3491 558 3551 Asiam
590 3492 722 3553 venisse
745 3491 880 3567 gloriari
903 3495 1057 3567 possent;
1082 3492 1311 3568 expeditiones
1334 3508 1411 3553 vero
1430 3494 1520 3568 ipsas
1543 3507 1608 3552 non

377 3619 452 3664 esse
482 3605 621 3681 effictas,
653 3605 717 3666 etsi
747 3606 786 3666 de
816 3595 1021 3681 temporibus
1045 3606 1162 3680 quibus
1185 3607 1426 3666 deducerentur
1449 3605 1611 3681 disputari

376 3717 486 3778 liceat.
500 3717 686 3794 Coloniam,
710 3734 812 3792 quam
837 3719 1044 3779 deducebant
1067 3718 1166 3780 olous
1189 3724 1223 3779 et
1246 3720 1387 3795 Maleus,
1412 3721 1498 3794 apud
1521 3718 1607 3778 Phri-

378 3832 467 3893 cr'um
498 3834 649 3893 montem
677 3836 842 3892 moratam
867 3847 941 3893 esse
965 3833 1051 3893 hanc
1074 3832 1218 3893 fortasse
1241 3832 1281 3893 ob
1306 3847 1440 3893 causam
1465 3831 1608 3907 perhibe-

376 3945 456 4005 bant
478 3945 612 4021 posteri,
640 3946 797 4020 quoniam
822 3946 915 4022 Κύμη
939 3941 958 4022 ἡ
985 3942 1137 4023 Φρικωνὶς
1166 3944 1332 4022 καλεομένη
1362 3946 1498 4021 apparet
1522 3945 1609 4005 inter

376 4057 528 4118 Aeolicas
551 4059 664 4134 urbes,
690 4073 771 4132 quas
794 4059 948 4120 nominat
970 4060 1158 4121 Herodotus
1181 4061 1207 4141 Ι,
1234 4061 1308 4120 149.
1331 4059 1473 4120 Nomina
1496 4060 1606 4118 autem

378 4170 505 4249 Φρίκιον
528 4167 599 4250 ὄρος
624 4174 658 4232 et
683 4170 835 4250 Φρικωνίς
860 4173 1064 4233 hauddubie
1084 4174 1273 4234 cohaerent.
1294 4172 1376 4249 Quid
1394 4172 1495 4246 igitur
1516 4173 1608 4231 vetat

379 4284 560 4346 Cumarum
584 4287 773 4348 conditores
797 4302 915 4348 revera
938 4303 955 4347 e
979 4288 1113 4349 Locride
1135 4288 1293 4349 venisse?

421 4400 531 4461 Aliam
566 4401 669 4461 etiam
703 4401 970 4461 observationem
1003 4401 1150 4462 continet
1173 4401 1345 4462 Strabonis
1368 4401 1530 4474 narratio,
1554 4404 1608 4463 cui

377 4512 525 4587 sig-illum
561 4515 633 4574 veri
662 4516 867 4590 impressum
897 4530 971 4576 esse
1001 4518 1170 4591 putamus.
1201 4516 1358 4590 Loquitur
1381 4516 1470 4576 enim
1494 4516 1609 4575 auctor

378 4627 417 4687 de
442 4627 544 4688 variis
567 4628 847 4705 expeditionibus,
869 4644 952 4703 quae
972 4629 1035 4718 sibi
1054 4630 1270 4690 succedentes
1288 4630 1422 4690 tandem
1435 4629 1608 4703 aliquando

379 4741 488 4815 ipsam
522 4742 557 4800 in
589 4740 761 4802 Aeolidem
796 4742 1018 4816 pervenerint.
1059 4742 1096 4802 Id
1126 4743 1239 4818 procul
1269 4743 1367 4804 dubio
1397 4757 1514 4805 verum
1544 4747 1606 4805 est.
