3525 5692
388 721 430 781 50
910 727 951 774 nn
974 727 1085 774 mana.

381 907 529 984 procella
557 906 768 982 praebitum?
804 905 886 980 Quid
917 904 1074 980 denique,
1106 903 1193 978 quod
1222 902 1255 962 in
1286 901 1389 964 Iliade
1411 902 1499 964 Aiax
1521 903 1611 966 solus

385 1024 522 1085 navium
546 1021 652 1096 surgit
675 1020 850 1082 defensor?
873 1018 1058 1079 Audiamus
1081 1020 1213 1094 poetam
1239 1018 1265 1076 Ο
1288 1017 1353 1079 did
1377 1033 1465 1092 sqq:

608 1142 691 1212 νηῶν
713 1127 782 1213 ἴκρι’
809 1129 937 1215 lupinam
961 1129 1061 1211 μακρὰ
1083 1129 1255 1210 βιβάσθων,

604 1243 719 1325 ’νώμαε
742 1244 774 1307 δὲ
798 1245 906 1319 ξυστὸν
929 1242 1004 1326 μέγα
1027 1246 1184 1324 ναύμαχον
1208 1242 1242 1304 ἐν
1263 1244 1432 1325 παλάμῃσι,

609 1361 753 1439 κολλητὸν
777 1360 930 1442 βλήτροισι
953 1359 1277 1438 δυωκαύειιισσίιιηχν·

604 1473 723 1556 ’postue
746 1475 847 1558 μακρὰ
869 1474 975 1557 βιβᾶς,
998 1474 1089 1553 φωνὴ
1116 1474 1149 1537 δέ
1171 1478 1224 1537 foc
1247 1470 1344 1556 αἰθέρ’
1371 1475 1464 1537 ἵκανε.

607 1589 665 1653 αἰεὶ
689 1588 722 1652 δὲ
745 1589 895 1672 σμερδνὸν
920 1591 1023 1671 βοάων
1047 1593 1199 1651 Δαναοῖσ’
1224 1588 1339 1651 ἐκέλευε
1425 1666 1428 1670 ι

605 1705 698 1783 νηυσί
720 1727 749 1765 τε
771 1703 822 1765 καὶ
846 1705 999 1788 κλισίῃσιν
1022 1700 1194 1781 ἀμυνέμεν.

382 1823 496 1882 Nonne
531 1822 592 1882 bos
627 1836 745 1881 versus
779 1821 893 1895 legens
928 1821 1027 1893 atque
1062 1819 1213 1894 relegens
1247 1819 1444 1881 exclamarit
1475 1820 1607 1897 aliquis,

381 1937 491 1997 maius
514 1935 605 2011 quid,
631 1950 731 2010 quam
755 1935 873 1995 heroes
896 1947 971 1995 esse
993 1933 1139 2009 soleant,
1164 1934 1240 1994 huic
1262 1934 1356 1994 Aiaci
1378 1934 1543 1996 infuisse?

427 2049 489 2110 Sed
517 2049 663 2110 nondum
695 2048 893 2109 coniecturis
924 2046 1161 2122 indulgendum
1193 2047 1334 2123 videtur,
1366 2051 1545 2122 antequam
1567 2049 1608 2109 de

380 2156 570 2224 Telamonis
584 2164 706 2223 natura
726 2162 913 2222 accuratius
930 2160 1190 2235 inquisierimus.
1210 2160 1278 2236 Quo
1297 2160 1394 2237 facto,
1407 2162 1436 2221 si
1448 2161 1608 2223 lectorum

380 2277 510 2337 animos
540 2276 581 2336 ad
610 2291 681 2336 rem
714 2275 939 2336 obscuriorem
970 2274 1180 2334 iudicandam
1216 2275 1445 2350 propensiores
1466 2275 1608 2336 fortasse

381 2390 636 2466 reddiderimus,
672 2389 792 2450 melius
827 2391 935 2451 strata
969 2389 1032 2450 erit
1065 2389 1133 2464 via,
1170 2403 1233 2462 qua
1260 2389 1474 2464 investigatio
1497 2393 1611 2451 nostra

381 2504 557 2578 procedere
580 2504 712 2579 poterit.

763 3115 766 3120 ,
809 2996 891 3108 ,ΙΧ.
923 3038 1164 3125 Τελαμώνιοι.’

427 3246 456 3302 Ε
480 3246 544 3306 655
569 3259 639 3319 sqq.
675 3244 841 3319 Sarpedon
872 3245 941 3305 dux
967 3244 1144 3318 Lyciorum
1176 3244 1272 3304 basta
1302 3244 1444 3330 perfodit
1467 3246 1610 3321 Tlepole-

382 3375 477 3421 mum
500 3359 654 3421 Herculis
677 3358 798 3434 fllium,
824 3360 879 3432 qui
903 3360 1018 3420 Rhodo
1041 3375 1145 3420 naves
1165 3374 1286 3420 novem
1306 3359 1439 3420 Troiam
1458 3360 1608 3421 duxerat.
1722 3427 1725 3430 Α

381 3473 590 3550 Tlepolemus
621 3473 711 3534 enim
741 3475 859 3548 patruo
890 3473 1000 3534 occiso
1030 3474 1130 3548 Argis
1152 3473 1306 3534 Rhodum
1329 3473 1469 3548 fugerat.
1492 3474 1609 3534 Rhodii

294 3562 296 3565 V
382 3588 435 3648 vel
466 3589 576 3663 potius
599 3588 713 3662 Argivi
743 3588 896 3648 Rhodum
927 3587 1116 3649 habitantes
1139 3589 1241 3649 simul
1264 3603 1339 3649 curn
1364 3588 1473 3662 Lyciis
1497 3588 1607 3672 adver·

381 3701 479 3761 seriis
509 3702 579 3762 suis
610 3717 710 3763 suum
730 3702 864 3763 heroem
890 3701 922 3760 in
946 3701 1083 3762 Iliadem
1107 3703 1375 3764 introduxerunt.
1400 3701 1611 3778 Tlepolemus

382 3819 496 3876 autem
531 3830 606 3876 cum
631 3816 778 3890 adesset,
803 3830 823 3875 a
848 3816 996 3876 carmine
1020 3815 1110 3890 epico
1134 3815 1252 3877 abesse
1276 3831 1340 3878 non
1364 3818 1495 3892 poterat
1518 3817 1610 3891 pater

384 3928 554 3990 Hercules.
590 3929 666 4004 Sed,
703 3931 740 3989 ut
774 3943 827 3988 res
857 3928 1000 4005 ferebat,
1028 3943 1095 3989 non
1127 3944 1203 3990 cum
1234 3930 1367 3991 Priamo
1392 3944 1508 3990 verum
1532 3943 1607 3989 cum

380 4041 601 4102 Laomedonte
632 4041 754 4101 bellum
785 4056 862 4102 eum
886 4042 1045 4119 gessisse,
1069 4043 1154 4115 quod
1178 4043 1353 4116 utriusque
1376 4043 1478 4103 aetati
1501 4040 1608 4116 magis

381 4155 614 4230 conveniebat,
639 4155 796 4230 rhapsodi
820 4155 1010 4216 cantabant.

427 4267 586 4329 Fabulam
621 4268 721 4343 igitur
754 4269 914 4343 Argiuam
950 4269 990 4329 de
1023 4270 1144 4330 Perseo
1180 4272 1214 4329 et
1248 4270 1460 4330 Andromeda
1494 4268 1608 4344 Argivi

382 4382 521 4453 (Rhodii)
551 4383 797 4444 transtulerunt
825 4383 859 4442 in
891 4382 1070 4444 Herculem
1105 4386 1140 4443 et
1169 4383 1369 4443 Hesionam:
1405 4399 1425 4443 a
1458 4383 1608 4443 monstro

380 4495 510 4555 marino
543 4495 687 4571 Neptuni
721 4495 816 4556 iussu
851 4495 940 4556 vitae
970 4494 1110 4569 virginis
1140 4495 1317 4556 minitante
1348 4497 1482 4557 heroem
1513 4496 1607 4556 mise-

379 4624 451 4669 ram
487 4610 687 4686 defendisse,
724 4610 982 4672 Laomedontem
1022 4611 1111 4670 enim
1150 4607 1219 4669 fllia
1257 4602 1318 4670 sua
1352 4612 1504 4670 monstro
1538 4623 1607 4684 pro·

377 4724 462 4783 iacta
496 4722 639 4783 solvisse
669 4738 809 4804 poenas,
839 4723 926 4795 quod
950 4738 1007 4798 pro
1035 4723 1210 4783 moenibus
1244 4701 1396 4783 Troianis
1430 4720 1610 4782 exstructis
