<?xml version="1.0" encoding="UTF-8"?>
<!DOCTYPE html PUBLIC "-//W3C//DTD XHTML 1.0 Transitional//EN"
    "http://www.w3.org/TR/xhtml1/DTD/xhtml1-transitional.dtd">
<html xmlns="http://www.w3.org/1999/xhtml" xml:lang="en" lang="en">
 <head>
  <title>
</title>
<meta http-equiv="Content-Type" content="text/html;charset=utf-8" />
  <meta name='ocr-system' content='tesseract 3.04.00' />
  <meta name='ocr-capabilities' content='ocr_page ocr_carea ocr_par ocr_line ocrx_word'/>
</head>
<body>
  <div class='ocr_page' id='page_1' title='image "./deajacisorigine00vgoog_0107.png"; bbox 0 0 3525 5692; ppageno 0'>
   <div class='ocr_carea' id='block_1_1' title="bbox 676 722 1372 783">
    <p class='ocr_par' dir='ltr' id='par_1_1' title="bbox 676 722 1372 783">
     <span class='ocr_line' id='line_1_1' title="bbox 676 722 1372 783; baseline 0.001 -12"><span class='ocrx_word' id='word_1_1' title='bbox 676 727 718 772; x_wconf 85' lang='lat' dir='ltr'><strong>ns</strong></span> <span class='ocrx_word' id='word_1_2' title='bbox 741 730 851 776; x_wconf 76' lang='lat' dir='ltr'><strong>risos.</strong></span> <span class='ocrx_word' id='word_1_3' title='bbox 1331 722 1372 783; x_wconf 84' lang='lat'><strong>97</strong></span> 
     </span>
    </p>
   </div>
   <div class='ocr_carea' id='block_1_2' title="bbox 148 894 1380 1548">
    <p class='ocr_par' dir='ltr' id='par_1_2' title="bbox 148 894 1380 1548">
     <span class='ocr_line' id='line_1_2' title="bbox 150 894 1380 982; baseline 0.015 -30"><span class='ocrx_word' id='word_1_4' title='bbox 150 894 299 968; x_wconf 79' lang='lat' dir='ltr'><strong>nympha</strong></span> <span class='ocrx_word' id='word_1_5' title='bbox 329 898 401 956; x_wconf 87' lang='lat' dir='ltr'><strong>erat</strong></span> <span class='ocrx_word' id='word_1_6' title='bbox 429 896 491 956; x_wconf 95' lang='lat' dir='ltr'><strong>sub</strong></span> <span class='ocrx_word' id='word_1_7' title='bbox 515 898 610 958; x_wconf 90' lang='lat' dir='ltr'><strong>ouius</strong></span> <span class='ocrx_word' id='word_1_8' title='bbox 632 899 739 960; x_wconf 89' lang='lat' dir='ltr'><strong>tutela</strong></span> <span class='ocrx_word' id='word_1_9' title='bbox 769 899 907 961; x_wconf 85' lang='lat' dir='ltr'><strong>florebat</strong></span> <span class='ocrx_word' id='word_1_10' title='bbox 929 902 1090 964; x_wconf 79' lang='lat' dir='ltr'><strong>Arcadiae</strong></span> <span class='ocrx_word' id='word_1_11' title='bbox 1113 905 1192 965; x_wconf 90' lang='lat' dir='ltr'><strong>urbs</strong></span> <span class='ocrx_word' id='word_1_12' title='bbox 1214 921 1315 982; x_wconf 88' lang='lat' dir='ltr'><strong>prope</strong></span> <span class='ocrx_word' id='word_1_13' title='bbox 1338 909 1380 970; x_wconf 83' lang='lat' dir='ltr'><strong>ab</strong></span> 
     </span>
     <span class='ocr_line' id='line_1_3' title="bbox 150 1005 1378 1097; baseline 0.015 -32"><span class='ocrx_word' id='word_1_14' title='bbox 150 1005 359 1070; x_wconf 89' lang='lat' dir='ltr'><strong>Orchomeno</strong></span> <span class='ocrx_word' id='word_1_15' title='bbox 382 1011 511 1087; x_wconf 78' lang='grc' dir='ltr'><strong><em>Καφύαι</em></strong></span> <span class='ocrx_word' id='word_1_16' title='bbox 533 1012 642 1082; x_wconf 84' lang='lat' dir='ltr'><strong>(Paos.</strong></span> <span class='ocrx_word' id='word_1_17' title='bbox 665 1013 754 1088; x_wconf 87' lang='lat' dir='ltr'>VIII,</span> <span class='ocrx_word' id='word_1_18' title='bbox 781 1015 832 1088; x_wconf 82' lang='grc'><strong>13,</strong></span> <span class='ocrx_word' id='word_1_19' title='bbox 857 1016 900 1083; x_wconf 86' lang='grc'><strong>3).</strong></span> <span class='ocrx_word' id='word_1_20' title='bbox 926 1015 989 1076; x_wconf 82' lang='lat' dir='ltr'><strong>Sed</strong></span> <span class='ocrx_word' id='word_1_21' title='bbox 1006 1016 1039 1076; x_wconf 90' lang='lat' dir='ltr'><strong>in</strong></span> <span class='ocrx_word' id='word_1_22' title='bbox 1061 1017 1115 1078; x_wconf 85' lang='lat' dir='ltr'><strong>via</strong></span> <span class='ocrx_word' id='word_1_23' title='bbox 1130 1033 1214 1092; x_wconf 90' lang='lat' dir='ltr'><strong>quae</strong></span> <span class='ocrx_word' id='word_1_24' title='bbox 1234 1019 1378 1097; x_wconf 81' lang='lat' dir='ltr'><strong>Gaphyis</strong></span> 
     </span>
     <span class='ocr_line' id='line_1_4' title="bbox 150 1117 1378 1208; baseline 0.016 -31"><span class='ocrx_word' id='word_1_25' title='bbox 150 1117 395 1184; x_wconf 77' lang='lat' dir='ltr'><strong>Orchomenum</strong></span> <span class='ocrx_word' id='word_1_26' title='bbox 425 1125 516 1185; x_wconf 81' lang='lat' dir='ltr'><strong>ducit</strong></span> <span class='ocrx_word' id='word_1_27' title='bbox 546 1124 675 1204; x_wconf 75' lang='grc' dir='ltr'><strong><em>Ἀγχισία</em></strong></span> <span class='ocrx_word' id='word_1_28' title='bbox 706 1146 737 1185; x_wconf 87' lang='grc' dir='ltr'><strong><em>τε</em></strong></span> <span class='ocrx_word' id='word_1_29' title='bbox 765 1122 835 1205; x_wconf 77' lang='grc' dir='ltr'><strong><em>ὄρος</em></strong></span> <span class='ocrx_word' id='word_1_30' title='bbox 858 1125 909 1187; x_wconf 76' lang='grc' dir='ltr'><strong><em>καὶ</em></strong></span> <span class='ocrx_word' id='word_1_31' title='bbox 933 1128 1066 1207; x_wconf 75' lang='grc' dir='ltr'><em>Ἀγχίσου</em></span> <span class='ocrx_word' id='word_1_32' title='bbox 1089 1130 1193 1208; x_wconf 77' lang='grc' dir='ltr'><strong><em>μνῆμά</em></strong></span> <span class='ocrx_word' id='word_1_33' title='bbox 1214 1129 1294 1193; x_wconf 78' lang='grc' dir='ltr'><strong><em>ἐστιν</em></strong></span> <span class='ocrx_word' id='word_1_34' title='bbox 1316 1133 1378 1198; x_wconf 78' lang='grc' dir='ltr'><strong>ὑπὸ</strong></span> 
     </span>
     <span class='ocr_line' id='line_1_5' title="bbox 148 1230 1379 1328; baseline 0.016 -38"><span class='ocrx_word' id='word_1_35' title='bbox 148 1239 204 1290; x_wconf 83' lang='grc' dir='ltr'><strong>τοῦ</strong></span> <span class='ocrx_word' id='word_1_36' title='bbox 228 1230 319 1311; x_wconf 80' lang='grc' dir='ltr'><strong><em>ὄρους</em></strong></span> <span class='ocrx_word' id='word_1_37' title='bbox 341 1241 403 1309; x_wconf 81' lang='grc' dir='ltr'><strong><em>τοῖς</em></strong></span> <span class='ocrx_word' id='word_1_38' title='bbox 426 1238 526 1297; x_wconf 82' lang='grc' dir='ltr'><strong><em>ποσίν.</em></strong></span> <span class='ocrx_word' id='word_1_39' title='bbox 549 1234 589 1309; x_wconf 80' lang='grc' dir='ltr'><strong>ὡς</strong></span> <span class='ocrx_word' id='word_1_40' title='bbox 613 1235 671 1318; x_wconf 76' lang='grc' dir='ltr'><strong>γὰρ</strong></span> <span class='ocrx_word' id='word_1_41' title='bbox 695 1235 734 1315; x_wconf 78' lang='grc' dir='ltr'><strong>δὴ</strong></span> <span class='ocrx_word' id='word_1_42' title='bbox 757 1235 906 1316; x_wconf 71' lang='grc' dir='ltr'><strong><em>ἐκομίζετο</em></strong></span> <span class='ocrx_word' id='word_1_43' title='bbox 930 1237 959 1312; x_wconf 77' lang='grc' dir='ltr'><strong>ἐς</strong></span> <span class='ocrx_word' id='word_1_44' title='bbox 979 1241 1124 1302; x_wconf 81' lang='grc' dir='ltr'><strong><em>Σικελίαν</em></strong></span> <span class='ocrx_word' id='word_1_45' title='bbox 1143 1239 1294 1318; x_wconf 56' lang='lat' dir='ltr'><strong>dirivetur</strong></span> <span class='ocrx_word' id='word_1_46' title='bbox 1314 1247 1379 1328; x_wconf 74' lang='grc' dir='ltr'><strong><em>ίσχι</em></strong></span> 
     </span>
     <span class='ocr_line' id='line_1_6' title="bbox 148 1346 1378 1434; baseline 0.017 -33"><span class='ocrx_word' id='word_1_47' title='bbox 148 1349 215 1416; x_wconf 82' lang='grc' dir='ltr'><strong><em>ταῖς</em></strong></span> <span class='ocrx_word' id='word_1_48' title='bbox 241 1346 353 1409; x_wconf 84' lang='grc' dir='ltr'><strong><em>νανσίν</em></strong></span> <span class='ocrx_word' id='word_1_49' title='bbox 383 1348 412 1422; x_wconf 75' lang='grc' dir='ltr'><strong>ἐς</strong></span> <span class='ocrx_word' id='word_1_50' title='bbox 442 1350 499 1428; x_wconf 72' lang='grc' dir='ltr'><strong><em>τὴν</em></strong></span> <span class='ocrx_word' id='word_1_51' title='bbox 530 1349 718 1429; x_wconf 68' lang='grc' dir='ltr'><strong><em>Λακωνικὴν</em></strong></span> <span class='ocrx_word' id='word_1_52' title='bbox 746 1349 799 1411; x_wconf 84' lang='grc' dir='ltr'><strong><em>ιιαλ</em></strong></span> <span class='ocrx_word' id='word_1_53' title='bbox 821 1350 873 1412; x_wconf 79' lang='grc' dir='ltr'><strong><em>τὸν</em></strong></span> <span class='ocrx_word' id='word_1_54' title='bbox 896 1350 1009 1433; x_wconf 74' lang='grc' dir='ltr'><strong><em>πατέρα</em></strong></span> <span class='ocrx_word' id='word_1_55' title='bbox 1033 1355 1168 1434; x_wconf 90' lang='grc' dir='ltr'><strong><em>Ἀγχίσην</em></strong></span> <span class='ocrx_word' id='word_1_56' title='bbox 1191 1357 1378 1423; x_wconf 71' lang='lat' dir='ltr'><strong>adroderet)</strong></span> 
     </span>
     <span class='ocr_line' id='line_1_7' title="bbox 149 1459 945 1548; baseline 0.013 -31"><span class='ocrx_word' id='word_1_57' title='bbox 149 1459 221 1535; x_wconf 87' lang='grc' dir='ltr'><strong><em>βίον</em></strong></span> <span class='ocrx_word' id='word_1_58' title='bbox 243 1472 279 1546; x_wconf 74' lang='grc' dir='ltr'><strong>τῇ</strong></span> <span class='ocrx_word' id='word_1_59' title='bbox 300 1468 420 1548; x_wconf 78' lang='grc' dir='ltr'><strong><em>τελεντη</em></strong></span> <span class='ocrx_word' id='word_1_60' title='bbox 442 1465 633 1544; x_wconf 78' lang='grc' dir='ltr'><strong><em>χρησάμενον</em></strong></span> <span class='ocrx_word' id='word_1_61' title='bbox 655 1463 776 1541; x_wconf 76' lang='grc' dir='ltr'><strong><em>ἔθαψεν</em></strong></span> <span class='ocrx_word' id='word_1_62' title='bbox 799 1463 945 1527; x_wconf 70' lang='lat' dir='ltr'><strong>tetanos.</strong></span> 
     </span>
    </p>
   </div>
   <div class='ocr_carea' id='block_1_3' title="bbox 150 1556 1378 1752">
    <p class='ocr_par' dir='ltr' id='par_1_3' title="bbox 150 1556 1378 1752">
     <span class='ocr_line' id='line_1_8' title="bbox 197 1556 1378 1663; baseline 0.012 -27"><span class='ocrx_word' id='word_1_63' title='bbox 197 1576 328 1638; x_wconf 80' lang='lat' dir='ltr'><strong>Scimus</strong></span> <span class='ocrx_word' id='word_1_64' title='bbox 357 1556 514 1640; x_wconf 85' lang='lat' dir='ltr'><strong>Anchisis</strong></span> <span class='ocrx_word' id='word_1_65' title='bbox 542 1581 670 1656; x_wconf 87' lang='lat' dir='ltr'><strong>patrem</strong></span> <span class='ocrx_word' id='word_1_66' title='bbox 701 1579 806 1641; x_wconf 80' lang='lat' dir='ltr'><strong>fulsse</strong></span> <span class='ocrx_word' id='word_1_67' title='bbox 838 1579 965 1656; x_wconf 82' lang='lat' dir='ltr'>Capyn,</span> <span class='ocrx_word' id='word_1_68' title='bbox 997 1597 1117 1644; x_wconf 90' lang='lat' dir='ltr'><strong>nomen</strong></span> <span class='ocrx_word' id='word_1_69' title='bbox 1142 1599 1220 1645; x_wconf 91' lang='lat' dir='ltr'><strong>oum</strong></span> <span class='ocrx_word' id='word_1_70' title='bbox 1244 1585 1378 1663; x_wconf 80' lang='lat' dir='ltr'><strong>caphya</strong></span> 
     </span>
     <span class='ocr_line' id='line_1_9' title="bbox 150 1689 348 1752; baseline 0.02 -4"><span class='ocrx_word' id='word_1_71' title='bbox 150 1689 348 1752; x_wconf 81' lang='lat' dir='ltr'><strong>cohaerens:</strong></span> 
     </span>
    </p>
   </div>
   <div class='ocr_carea' id='block_1_4' title="bbox 146 1799 1382 4721">
    <p class='ocr_par' dir='ltr' id='par_1_4' title="bbox 146 1799 1377 2436">
     <span class='ocr_line' id='line_1_10' title="bbox 286 1799 1226 1884; baseline 0.007 -22"><span class='ocrx_word' id='word_1_72' title='bbox 286 1803 464 1882; x_wconf 79' lang='grc' dir='ltr'><strong><em>Ἀσσάρακος</em></strong></span> <span class='ocrx_word' id='word_1_73' title='bbox 488 1801 521 1865; x_wconf 73' lang='grc' dir='ltr'><strong>θλ</strong></span> <span class='ocrx_word' id='word_1_74' title='bbox 546 1804 673 1882; x_wconf 83' lang='grc' dir='ltr'><strong><em>Κάτταν,</em></strong></span> <span class='ocrx_word' id='word_1_75' title='bbox 694 1801 711 1865; x_wconf 79' lang='grc' dir='ltr'>ὁ</span> <span class='ocrx_word' id='word_1_76' title='bbox 735 1799 764 1865; x_wconf 81' lang='lat' dir='ltr'><strong>d‘</strong></span> <span class='ocrx_word' id='word_1_77' title='bbox 790 1800 834 1883; x_wconf 72' lang='grc' dir='ltr'><strong>ἄρ’</strong></span> <span class='ocrx_word' id='word_1_78' title='bbox 863 1804 999 1884; x_wconf 75' lang='grc' dir='ltr'><strong><em>Ἀγχίσην</em></strong></span> <span class='ocrx_word' id='word_1_79' title='bbox 1019 1801 1097 1868; x_wconf 78' lang='grc' dir='ltr'><strong><em>’τίνι</em></strong></span> <span class='ocrx_word' id='word_1_80' title='bbox 1121 1810 1226 1870; x_wconf 81' lang='grc' dir='ltr'><strong><em>παῖδα.</em></strong></span> 
     </span>
     <span class='ocr_line' id='line_1_11' title="bbox 146 1917 1374 1995; baseline 0.005 -20"><span class='ocrx_word' id='word_1_81' title='bbox 146 1917 247 1979; x_wconf 86' lang='lat' dir='ltr'><strong>Hisce</strong></span> <span class='ocrx_word' id='word_1_82' title='bbox 271 1920 450 1994; x_wconf 82' lang='lat' dir='ltr'><strong>perspectis</strong></span> <span class='ocrx_word' id='word_1_83' title='bbox 473 1919 685 1995; x_wconf 84' lang='lat' dir='ltr'><strong>intellegitur,</strong></span> <span class='ocrx_word' id='word_1_84' title='bbox 710 1934 767 1980; x_wconf 88' lang='lat' dir='ltr'><strong>cur</strong></span> <span class='ocrx_word' id='word_1_85' title='bbox 790 1919 831 1978; x_wconf 89' lang='lat' dir='ltr'><strong>ad</strong></span> <span class='ocrx_word' id='word_1_86' title='bbox 854 1919 1039 1980; x_wconf 77' lang='lat' dir='ltr'><strong>Maeonium</strong></span> <span class='ocrx_word' id='word_1_87' title='bbox 1062 1925 1213 1984; x_wconf 87' lang='lat' dir='ltr'><strong>montem</strong></span> <span class='ocrx_word' id='word_1_88' title='bbox 1233 1925 1374 1989; x_wconf 87' lang='lat' dir='ltr'><strong>abduxe.</strong></span> 
     </span>
     <span class='ocr_line' id='line_1_12' title="bbox 146 2033 1377 2120; baseline 0.01 -29"><span class='ocrx_word' id='word_1_89' title='bbox 146 2034 191 2092; x_wconf 90' lang='lat' dir='ltr'><strong>rit</strong></span> <span class='ocrx_word' id='word_1_90' title='bbox 215 2033 377 2106; x_wconf 88' lang='lat' dir='ltr'><strong>virginem</strong></span> <span class='ocrx_word' id='word_1_91' title='bbox 400 2035 557 2109; x_wconf 91' lang='lat' dir='ltr'><strong>Iuppiter.</strong></span> <span class='ocrx_word' id='word_1_92' title='bbox 585 2035 647 2095; x_wconf 86' lang='lat' dir='ltr'><strong>Hic</strong></span> <span class='ocrx_word' id='word_1_93' title='bbox 669 2033 759 2095; x_wconf 90' lang='lat' dir='ltr'><strong>enim</strong></span> <span class='ocrx_word' id='word_1_94' title='bbox 782 2034 892 2108; x_wconf 85' lang='lat' dir='ltr'><strong>patria</strong></span> <span class='ocrx_word' id='word_1_95' title='bbox 914 2035 987 2095; x_wconf 90' lang='lat' dir='ltr'><strong>eius</strong></span> <span class='ocrx_word' id='word_1_96' title='bbox 1010 2039 1091 2097; x_wconf 87' lang='lat' dir='ltr'><strong>erat.</strong></span> <span class='ocrx_word' id='word_1_97' title='bbox 1115 2037 1200 2098; x_wconf 87' lang='lat' dir='ltr'><strong>Item</strong></span> <span class='ocrx_word' id='word_1_98' title='bbox 1225 2046 1377 2120; x_wconf 82' lang='lat' dir='ltr'><strong>apparet,</strong></span> 
     </span>
     <span class='ocr_line' id='line_1_13' title="bbox 146 2147 1377 2225; baseline 0.006 -18"><span class='ocrx_word' id='word_1_99' title='bbox 146 2147 233 2221; x_wconf 90' lang='lat' dir='ltr'><strong>quod</strong></span> <span class='ocrx_word' id='word_1_100' title='bbox 256 2148 312 2208; x_wconf 89' lang='lat' dir='ltr'><strong>alii</strong></span> <span class='ocrx_word' id='word_1_101' title='bbox 335 2148 400 2210; x_wconf 89' lang='lat' dir='ltr'><strong>alio</strong></span> <span class='ocrx_word' id='word_1_102' title='bbox 430 2149 528 2210; x_wconf 92' lang='lat' dir='ltr'><strong>modo</strong></span> <span class='ocrx_word' id='word_1_103' title='bbox 550 2147 745 2223; x_wconf 77' lang='lat' dir='ltr'>probarunt,</span> <span class='ocrx_word' id='word_1_104' title='bbox 769 2148 933 2209; x_wconf 78' lang='lat' dir='ltr'><strong>Azanium</strong></span> <span class='ocrx_word' id='word_1_105' title='bbox 957 2148 978 2209; x_wconf 89' lang='lat' dir='ltr'><strong>i.</strong></span> <span class='ocrx_word' id='word_1_106' title='bbox 999 2164 1026 2209; x_wconf 86' lang='lat' dir='ltr'><strong>e.</strong></span> <span class='ocrx_word' id='word_1_107' title='bbox 1051 2151 1222 2225; x_wconf 82' lang='lat' dir='ltr'><strong>regionem</strong></span> <span class='ocrx_word' id='word_1_108' title='bbox 1243 2151 1377 2215; x_wconf 90' lang='lat' dir='ltr'><strong>Pheneo</strong></span> 
     </span>
     <span class='ocr_line' id='line_1_14' title="bbox 148 2260 1377 2336; baseline 0.006 -15"><span class='ocrx_word' id='word_1_109' title='bbox 148 2260 418 2335; x_wconf 87' lang='lat' dir='ltr'><strong>Orchomenoque</strong></span> <span class='ocrx_word' id='word_1_110' title='bbox 460 2262 605 2323; x_wconf 86' lang='lat' dir='ltr'><strong>vicinam</strong></span> <span class='ocrx_word' id='word_1_111' title='bbox 644 2260 855 2336; x_wconf 82' lang='lat' dir='ltr'><strong>genealogice</strong></span> <span class='ocrx_word' id='word_1_112' title='bbox 893 2276 969 2321; x_wconf 92' lang='lat' dir='ltr'><strong>cum</strong></span> <span class='ocrx_word' id='word_1_113' title='bbox 1000 2262 1137 2324; x_wconf 85' lang='lat' dir='ltr'><strong>Locride</strong></span> <span class='ocrx_word' id='word_1_114' title='bbox 1168 2265 1273 2325; x_wconf 86' lang='lat' dir='ltr'><strong>fuisse</strong></span> <span class='ocrx_word' id='word_1_115' title='bbox 1304 2282 1377 2328; x_wconf 92' lang='lat' dir='ltr'><strong>con·</strong></span> 
     </span>
     <span class='ocr_line' id='line_1_15' title="bbox 146 2375 798 2436; baseline -0.002 -3"><span class='ocrx_word' id='word_1_116' title='bbox 146 2375 307 2435; x_wconf 88' lang='lat' dir='ltr'><strong>iunctam.</strong></span> <span class='ocrx_word' id='word_1_117' title='bbox 332 2375 395 2436; x_wconf 81' lang='lat' dir='ltr'><strong>Sed</strong></span> <span class='ocrx_word' id='word_1_118' title='bbox 418 2376 459 2435; x_wconf 92' lang='lat' dir='ltr'><strong>ad</strong></span> <span class='ocrx_word' id='word_1_119' title='bbox 482 2389 554 2436; x_wconf 89' lang='lat' dir='ltr'><strong>rem</strong></span> <span class='ocrx_word' id='word_1_120' title='bbox 577 2375 798 2434; x_wconf 87' lang='lat' dir='ltr'><strong>revertamur.</strong></span> 
     </span>
    </p>

    <p class='ocr_par' dir='ltr' id='par_1_5' title="bbox 147 2484 1379 3244">
     <span class='ocr_line' id='line_1_16' title="bbox 192 2484 1379 2569; baseline 0.006 -21"><span class='ocrx_word' id='word_1_121' title='bbox 192 2488 315 2548; x_wconf 89' lang='lat' dir='ltr'><strong>Locrus</strong></span> <span class='ocrx_word' id='word_1_122' title='bbox 337 2503 418 2548; x_wconf 89' lang='lat' dir='ltr'><strong>mox</strong></span> <span class='ocrx_word' id='word_1_123' title='bbox 442 2504 518 2549; x_wconf 90' lang='lat' dir='ltr'><strong>oum</strong></span> <span class='ocrx_word' id='word_1_124' title='bbox 543 2487 672 2563; x_wconf 89' lang='lat' dir='ltr'><strong>Opunte</strong></span> <span class='ocrx_word' id='word_1_125' title='bbox 695 2484 763 2546; x_wconf 86' lang='lat' dir='ltr'><strong>lilio</strong></span> <span class='ocrx_word' id='word_1_126' title='bbox 785 2500 847 2545; x_wconf 96' lang='lat' dir='ltr'><strong>suo</strong></span> <span class='ocrx_word' id='word_1_127' title='bbox 866 2486 1063 2546; x_wconf 83' lang='lat' dir='ltr'><strong>discordans</strong></span> <span class='ocrx_word' id='word_1_128' title='bbox 1081 2490 1226 2563; x_wconf 86' lang='lat' dir='ltr'><strong>patriam</strong></span> <span class='ocrx_word' id='word_1_129' title='bbox 1245 2493 1379 2569; x_wconf 86' lang='lat' dir='ltr'><strong>reliquit</strong></span> 
     </span>
     <span class='ocr_line' id='line_1_17' title="bbox 147 2597 1378 2675; baseline 0.007 -15"><span class='ocrx_word' id='word_1_130' title='bbox 147 2603 183 2660; x_wconf 87' lang='lat' dir='ltr'><strong>et</strong></span> <span class='ocrx_word' id='word_1_131' title='bbox 206 2601 337 2662; x_wconf 89' lang='lat' dir='ltr'><strong>oraculo</strong></span> <span class='ocrx_word' id='word_1_132' title='bbox 359 2602 472 2662; x_wconf 92' lang='lat' dir='ltr'><strong>iussus</strong></span> <span class='ocrx_word' id='word_1_133' title='bbox 495 2600 612 2661; x_wconf 87' lang='lat' dir='ltr'><strong>urbem</strong></span> <span class='ocrx_word' id='word_1_134' title='bbox 636 2599 795 2674; x_wconf 89' lang='lat' dir='ltr'><strong>condidit,</strong></span> <span class='ocrx_word' id='word_1_135' title='bbox 820 2597 875 2658; x_wconf 91' lang='lat' dir='ltr'><strong>ubi</strong></span> <span class='ocrx_word' id='word_1_136' title='bbox 895 2613 1008 2660; x_wconf 86' lang='lat' dir='ltr'><strong>acano</strong></span> <span class='ocrx_word' id='word_1_137' title='bbox 1026 2599 1135 2675; x_wconf 89' lang='lat' dir='ltr'><strong>ligneo</strong></span> <span class='ocrx_word' id='word_1_138' title='bbox 1154 2618 1287 2666; x_wconf 87' lang='lat' dir='ltr'><strong>morsus</strong></span> <span class='ocrx_word' id='word_1_139' title='bbox 1306 2611 1378 2669; x_wconf 84' lang='lat' dir='ltr'><strong>erat</strong></span> 
     </span>
     <span class='ocr_line' id='line_1_18' title="bbox 149 2710 1376 2796; baseline 0.009 -26"><span class='ocrx_word' id='word_1_140' title='bbox 149 2710 344 2791; x_wconf 73' lang='grc' dir='ltr'><strong><em>ὑπερβαίνων</em></strong></span> <span class='ocrx_word' id='word_1_141' title='bbox 367 2714 410 2786; x_wconf 83' lang='grc' dir='ltr'><strong><em>είς</em></strong></span> <span class='ocrx_word' id='word_1_142' title='bbox 432 2712 488 2791; x_wconf 75' lang='grc' dir='ltr'><strong><em>τὴν</em></strong></span> <span class='ocrx_word' id='word_1_143' title='bbox 510 2711 614 2792; x_wconf 78' lang='grc' dir='ltr'><strong><em>ἑτέραν</em></strong></span> <span class='ocrx_word' id='word_1_144' title='bbox 637 2713 800 2773; x_wconf 78' lang='grc' dir='ltr'><strong><em>θάλασσαν</em></strong></span> <span class='ocrx_word' id='word_1_145' title='bbox 831 2713 929 2787; x_wconf 86' lang='lat' dir='ltr'><strong>(quod</strong></span> <span class='ocrx_word' id='word_1_146' title='bbox 954 2713 1098 2789; x_wconf 76' lang='lat' dir='ltr'><strong>explicat</strong></span> <span class='ocrx_word' id='word_1_147' title='bbox 1120 2715 1272 2780; x_wconf 80' lang='lat' dir='ltr'><strong>Euslath.</strong></span> <span class='ocrx_word' id='word_1_148' title='bbox 1297 2722 1322 2778; x_wconf 86' lang='grc' dir='ltr'><strong><em>Β</em></strong></span> <span class='ocrx_word' id='word_1_149' title='bbox 1345 2737 1376 2796; x_wconf 89' lang='lat' dir='ltr'><strong>p.</strong></span> 
     </span>
     <span class='ocr_line' id='line_1_19' title="bbox 150 2822 1376 2905; baseline 0.007 -19"><span class='ocrx_word' id='word_1_150' title='bbox 150 2828 214 2887; x_wconf 78' lang='lat'><strong>277</strong></span> <span class='ocrx_word' id='word_1_151' title='bbox 240 2828 365 2889; x_wconf 81' lang='lat' dir='ltr'><strong>verbis:</strong></span> <span class='ocrx_word' id='word_1_152' title='bbox 397 2827 439 2899; x_wconf 89' lang='grc' dir='ltr'><strong><em>είς</em></strong></span> <span class='ocrx_word' id='word_1_153' title='bbox 469 2826 504 2886; x_wconf 84' lang='grc' dir='ltr'><strong>τὰ</strong></span> <span class='ocrx_word' id='word_1_154' title='bbox 527 2825 602 2905; x_wconf 78' lang='grc' dir='ltr'><strong><em>πρὸς</em></strong></span> <span class='ocrx_word' id='word_1_155' title='bbox 625 2822 757 2903; x_wconf 76' lang='grc' dir='ltr'><strong><em>ἕσττίραν</em></strong></span> <span class='ocrx_word' id='word_1_156' title='bbox 781 2832 834 2885; x_wconf 80' lang='grc' dir='ltr'><strong>τοῦ</strong></span> <span class='ocrx_word' id='word_1_157' title='bbox 859 2828 1067 2903; x_wconf 80' lang='grc' dir='ltr'><strong><em>Παρνασσοῦ).</em></strong></span> <span class='ocrx_word' id='word_1_158' title='bbox 1091 2829 1177 2891; x_wconf 79' lang='lat' dir='ltr'><strong>Pede</strong></span> <span class='ocrx_word' id='word_1_159' title='bbox 1200 2832 1290 2892; x_wconf 83' lang='lat' dir='ltr'><strong>enim</strong></span> <span class='ocrx_word' id='word_1_160' title='bbox 1314 2832 1376 2894; x_wconf 76' lang='lat' dir='ltr'><strong>lae·</strong></span> 
     </span>
     <span class='ocr_line' id='line_1_20' title="bbox 148 2936 1378 3012; baseline 0.006 -13"><span class='ocrx_word' id='word_1_161' title='bbox 148 2956 208 3001; x_wconf 89' lang='lat' dir='ltr'><strong>sus</strong></span> <span class='ocrx_word' id='word_1_162' title='bbox 241 2941 322 3004; x_wconf 91' lang='lat' dir='ltr'><strong>rubo</strong></span> <span class='ocrx_word' id='word_1_163' title='bbox 357 2943 474 3003; x_wconf 88' lang='lat' dir='ltr'><strong>canino</strong></span> <span class='ocrx_word' id='word_1_164' title='bbox 505 2942 540 3002; x_wconf 91' lang='lat' dir='ltr'><strong>in</strong></span> <span class='ocrx_word' id='word_1_165' title='bbox 572 2939 705 3002; x_wconf 87' lang='lat' dir='ltr'><strong>Ozolide</strong></span> <span class='ocrx_word' id='word_1_166' title='bbox 736 2936 832 2998; x_wconf 72' lang='grc' dir='ltr'><strong><em>ἔκτισε</em></strong></span> <span class='ocrx_word' id='word_1_167' title='bbox 854 2943 955 3010; x_wconf 74' lang='grc' dir='ltr'><strong><em>πολεῖς</em></strong></span> <span class='ocrx_word' id='word_1_168' title='bbox 982 2941 1114 3012; x_wconf 77' lang='grc' dir='ltr'><strong><em>Φυσκεῖς</em></strong></span> <span class='ocrx_word' id='word_1_169' title='bbox 1138 2940 1188 3002; x_wconf 77' lang='grc' dir='ltr'><strong>καὶ</strong></span> <span class='ocrx_word' id='word_1_170' title='bbox 1206 2938 1378 3006; x_wconf 78' lang='grc' dir='ltr'><strong><em>Ὑάνθειαν.</em></strong></span> 
     </span>
     <span class='ocr_line' id='line_1_21' title="bbox 149 3053 1378 3137; baseline 0.004 -21"><span class='ocrx_word' id='word_1_171' title='bbox 149 3057 312 3119; x_wconf 82' lang='lat' dir='ltr'><strong>liffeoerat</strong></span> <span class='ocrx_word' id='word_1_172' title='bbox 344 3057 472 3118; x_wconf 89' lang='lat' dir='ltr'><strong>scilicet</strong></span> <span class='ocrx_word' id='word_1_173' title='bbox 505 3073 523 3116; x_wconf 93' lang='lat' dir='ltr'><strong>e</strong></span> <span class='ocrx_word' id='word_1_174' title='bbox 556 3055 631 3116; x_wconf 90' lang='lat' dir='ltr'><strong>rubi</strong></span> <span class='ocrx_word' id='word_1_175' title='bbox 662 3055 796 3115; x_wconf 92' lang='lat' dir='ltr'><strong>nomine</strong></span> <span class='ocrx_word' id='word_1_176' title='bbox 826 3053 1005 3137; x_wconf 77' lang='grc' dir='ltr'><strong><em>κυνοσβάτρ</em></strong></span> <span class='ocrx_word' id='word_1_177' title='bbox 1035 3056 1124 3116; x_wconf 94' lang='lat' dir='ltr'><strong>hunc</strong></span> <span class='ocrx_word' id='word_1_178' title='bbox 1154 3071 1230 3118; x_wconf 88' lang='lat' dir='ltr'><strong>esse</strong></span> <span class='ocrx_word' id='word_1_179' title='bbox 1261 3073 1378 3121; x_wconf 86' lang='lat' dir='ltr'><strong>canem</strong></span> 
     </span>
     <span class='ocr_line' id='line_1_22' title="bbox 150 3169 610 3244; baseline 0.002 -14"><span class='ocrx_word' id='word_1_180' title='bbox 150 3185 248 3244; x_wconf 86' lang='lat' dir='ltr'><strong>quem</strong></span> <span class='ocrx_word' id='word_1_181' title='bbox 272 3170 442 3231; x_wconf 87' lang='lat' dir='ltr'><strong>oraculum</strong></span> <span class='ocrx_word' id='word_1_182' title='bbox 467 3169 610 3231; x_wconf 85' lang='lat' dir='ltr'><strong>volebat.</strong></span> 
     </span>
    </p>

    <p class='ocr_par' dir='ltr' id='par_1_6' title="bbox 148 3282 1381 4156">
     <span class='ocr_line' id='line_1_23' title="bbox 193 3282 1377 3360; baseline 0.003 -17"><span class='ocrx_word' id='word_1_183' title='bbox 193 3285 347 3345; x_wconf 88' lang='lat' dir='ltr'><strong>Vidimus</strong></span> <span class='ocrx_word' id='word_1_184' title='bbox 380 3285 481 3360; x_wconf 91' lang='lat' dir='ltr'><strong>igitur</strong></span> <span class='ocrx_word' id='word_1_185' title='bbox 511 3299 553 3344; x_wconf 88' lang='lat' dir='ltr'><strong>ex</strong></span> <span class='ocrx_word' id='word_1_186' title='bbox 582 3283 647 3344; x_wconf 92' lang='lat' dir='ltr'><strong>hoc</strong></span> <span class='ocrx_word' id='word_1_187' title='bbox 677 3282 850 3347; x_wconf 90' lang='lat' dir='ltr'><strong>nominum</strong></span> <span class='ocrx_word' id='word_1_188' title='bbox 875 3282 1039 3359; x_wconf 85' lang='lat' dir='ltr'><strong>catalogo,</strong></span> <span class='ocrx_word' id='word_1_189' title='bbox 1065 3284 1151 3356; x_wconf 83' lang='lat' dir='ltr'><strong>quod</strong></span> <span class='ocrx_word' id='word_1_190' title='bbox 1174 3288 1377 3360; x_wconf 86' lang='lat' dir='ltr'><strong>exspectavi-</strong></span> 
     </span>
     <span class='ocr_line' id='line_1_24' title="bbox 149 3394 1377 3474; baseline 0.001 -15"><span class='ocrx_word' id='word_1_191' title='bbox 149 3414 239 3474; x_wconf 88' lang='lat' dir='ltr'><strong>mus,</strong></span> <span class='ocrx_word' id='word_1_192' title='bbox 262 3401 440 3471; x_wconf 85' lang='lat' dir='ltr'><strong>utramque</strong></span> <span class='ocrx_word' id='word_1_193' title='bbox 463 3397 634 3458; x_wconf 86' lang='lat' dir='ltr'><strong>Locridem</strong></span> <span class='ocrx_word' id='word_1_194' title='bbox 658 3395 798 3456; x_wconf 86' lang='lat' dir='ltr'><strong>eandem</strong></span> <span class='ocrx_word' id='word_1_195' title='bbox 821 3394 1052 3470; x_wconf 87' lang='lat' dir='ltr'><strong>genealogiam</strong></span> <span class='ocrx_word' id='word_1_196' title='bbox 1076 3410 1152 3457; x_wconf 88' lang='lat' dir='ltr'><strong>esse</strong></span> <span class='ocrx_word' id='word_1_197' title='bbox 1172 3398 1377 3474; x_wconf 64' lang='lat' dir='ltr'><strong>amplexam</strong></span> 
     </span>
     <span class='ocr_line' id='line_1_25' title="bbox 149 3510 1380 3594; baseline -0.001 -20"><span class='ocrx_word' id='word_1_198' title='bbox 149 3514 240 3575; x_wconf 87' lang='lat' dir='ltr'><strong>hisce</strong></span> <span class='ocrx_word' id='word_1_199' title='bbox 270 3515 384 3574; x_wconf 87' lang='lat' dir='ltr'><strong>autem</strong></span> <span class='ocrx_word' id='word_1_200' title='bbox 415 3527 491 3573; x_wconf 90' lang='lat' dir='ltr'><strong>cum</strong></span> <span class='ocrx_word' id='word_1_201' title='bbox 521 3511 712 3594; x_wconf 82' lang='lat' dir='ltr'><strong>regionibus</strong></span> <span class='ocrx_word' id='word_1_202' title='bbox 739 3510 1001 3572; x_wconf 84' lang='lat' dir='ltr'><strong>connectendam</strong></span> <span class='ocrx_word' id='word_1_203' title='bbox 1026 3526 1100 3572; x_wconf 87' lang='lat' dir='ltr'><strong>esse</strong></span> <span class='ocrx_word' id='word_1_204' title='bbox 1124 3512 1286 3574; x_wconf 87' lang='lat' dir='ltr'><strong>Arcadiae</strong></span> <span class='ocrx_word' id='word_1_205' title='bbox 1309 3529 1380 3589; x_wconf 87' lang='lat' dir='ltr'><strong>par·</strong></span> 
     </span>
     <span class='ocr_line' id='line_1_26' title="bbox 149 3623 1378 3702; baseline -0.002 -14"><span class='ocrx_word' id='word_1_206' title='bbox 149 3631 219 3688; x_wconf 87' lang='lat' dir='ltr'><strong>tom</strong></span> <span class='ocrx_word' id='word_1_207' title='bbox 250 3625 555 3702; x_wconf 87' lang='lat' dir='ltr'><strong>septentrionalem.</strong></span> <span class='ocrx_word' id='word_1_208' title='bbox 586 3624 738 3700; x_wconf 80' lang='lat' dir='ltr'><strong>Exempli</strong></span> <span class='ocrx_word' id='word_1_209' title='bbox 770 3638 871 3684; x_wconf 87' lang='lat' dir='ltr'><strong>causa</strong></span> <span class='ocrx_word' id='word_1_210' title='bbox 901 3623 990 3698; x_wconf 90' lang='lat' dir='ltr'><strong>apud</strong></span> <span class='ocrx_word' id='word_1_211' title='bbox 1015 3624 1239 3699; x_wconf 88' lang='lat' dir='ltr'><strong>Pherecydem</strong></span> <span class='ocrx_word' id='word_1_212' title='bbox 1264 3627 1378 3696; x_wconf 88' lang='lat' dir='ltr'><strong>(schol.</strong></span> 
     </span>
     <span class='ocr_line' id='line_1_27' title="bbox 148 3737 1381 3811; baseline -0.001 -11"><span class='ocrx_word' id='word_1_213' title='bbox 148 3746 165 3800; x_wconf 87' lang='grc' dir='ltr'><strong><em>λ</em></strong></span> <span class='ocrx_word' id='word_1_214' title='bbox 188 3742 265 3811; x_wconf 79' lang='grc'>825)</span> <span class='ocrx_word' id='word_1_215' title='bbox 288 3742 411 3803; x_wconf 89' lang='lat' dir='ltr'><strong>Locrus</strong></span> <span class='ocrx_word' id='word_1_216' title='bbox 434 3740 527 3800; x_wconf 89' lang='lat' dir='ltr'><strong>audit</strong></span> <span class='ocrx_word' id='word_1_217' title='bbox 550 3738 639 3801; x_wconf 89' lang='lat' dir='ltr'><strong>filius</strong></span> <span class='ocrx_word' id='word_1_218' title='bbox 661 3739 752 3800; x_wconf 90' lang='lat' dir='ltr'><strong>Iovis</strong></span> <span class='ocrx_word' id='word_1_219' title='bbox 775 3740 810 3799; x_wconf 90' lang='lat' dir='ltr'><strong>et</strong></span> <span class='ocrx_word' id='word_1_220' title='bbox 832 3739 971 3798; x_wconf 85' lang='lat' dir='ltr'><strong>Maerae.</strong></span> <span class='ocrx_word' id='word_1_221' title='bbox 1000 3737 1078 3798; x_wconf 80' lang='lat' dir='ltr'><strong>Erat</strong></span> <span class='ocrx_word' id='word_1_222' title='bbox 1102 3737 1211 3797; x_wconf 85' lang='lat' dir='ltr'><strong>Maera</strong></span> <span class='ocrx_word' id='word_1_223' title='bbox 1233 3738 1292 3798; x_wconf 89' lang='lat' dir='ltr'><strong>illa</strong></span> <span class='ocrx_word' id='word_1_224' title='bbox 1314 3753 1381 3800; x_wconf 92' lang='lat' dir='ltr'><strong>non</strong></span> 
     </span>
     <span class='ocr_line' id='line_1_28' title="bbox 149 3842 1381 3929; baseline -0.003 -15"><span class='ocrx_word' id='word_1_225' title='bbox 149 3855 261 3916; x_wconf 80' lang='lat' dir='ltr'><strong>Proeti</strong></span> <span class='ocrx_word' id='word_1_226' title='bbox 282 3854 398 3929; x_wconf 76' lang='lat' dir='ltr'><strong>Argivi</strong></span> <span class='ocrx_word' id='word_1_227' title='bbox 409 3852 478 3914; x_wconf 87' lang='lat' dir='ltr'><strong>fllia</strong></span> <span class='ocrx_word' id='word_1_228' title='bbox 495 3853 553 3913; x_wconf 79' lang='lat' dir='ltr'><strong>sed</strong></span> <span class='ocrx_word' id='word_1_229' title='bbox 572 3853 737 3929; x_wconf 78' lang='lat' dir='ltr'><strong>Atlantis,</strong></span> <span class='ocrx_word' id='word_1_230' title='bbox 756 3842 793 3929; x_wconf 78' lang='grc' dir='ltr'><strong>ἧς</strong></span> <span class='ocrx_word' id='word_1_231' title='bbox 813 3848 852 3928; x_wconf 79' lang='grc' dir='ltr'><strong>δὴ</strong></span> <span class='ocrx_word' id='word_1_232' title='bbox 870 3847 1064 3928; x_wconf 76' lang='grc' dir='ltr'><strong><em>καίὍμηρος</em></strong></span> <span class='ocrx_word' id='word_1_233' title='bbox 1077 3847 1239 3929; x_wconf 73' lang='grc' dir='ltr'><strong><em>ἐποιήσατο</em></strong></span> <span class='ocrx_word' id='word_1_234' title='bbox 1257 3851 1381 3929; x_wconf 81' lang='grc' dir='ltr'><strong><em>μνήμην</em></strong></span> 
     </span>
     <span class='ocr_line' id='line_1_29' title="bbox 150 3959 1381 4044; baseline -0.003 -17"><span class='ocrx_word' id='word_1_235' title='bbox 150 3966 183 4027; x_wconf 74' lang='grc' dir='ltr'><strong><em>ἐν</em></strong></span> <span class='ocrx_word' id='word_1_236' title='bbox 211 3962 377 4038; x_wconf 77' lang='grc' dir='ltr'><strong><em>Ὀδυσσέως</em></strong></span> <span class='ocrx_word' id='word_1_237' title='bbox 407 3966 507 4044; x_wconf 81' lang='grc' dir='ltr'><strong><em>λόγοις</em></strong></span> <span class='ocrx_word' id='word_1_238' title='bbox 535 3963 612 4044; x_wconf 78' lang='grc' dir='ltr'><strong><em>πρὸς</em></strong></span> <span class='ocrx_word' id='word_1_239' title='bbox 646 3964 795 4025; x_wconf 77' lang='grc' dir='ltr'><strong><em>Ἀλκίνοον</em></strong></span> <span class='ocrx_word' id='word_1_240' title='bbox 825 3963 896 4041; x_wconf 84' lang='grc' dir='ltr'><strong><em>τιερί</em></strong></span> <span class='ocrx_word' id='word_1_241' title='bbox 924 3985 954 4023; x_wconf 87' lang='grc' dir='ltr'><strong><em>τε</em></strong></span> <span class='ocrx_word' id='word_1_242' title='bbox 977 3959 1053 4023; x_wconf 80' lang='grc' dir='ltr'><strong><em>ὁδοῦ</em></strong></span> <span class='ocrx_word' id='word_1_243' title='bbox 1076 3971 1128 4039; x_wconf 77' lang='grc' dir='ltr'><strong>τῆς</strong></span> <span class='ocrx_word' id='word_1_244' title='bbox 1153 3962 1182 4034; x_wconf 86' lang='grc' dir='ltr'><strong>ἕς</strong></span> <span class='ocrx_word' id='word_1_245' title='bbox 1196 3959 1307 4041; x_wconf 68' lang='grc' dir='ltr'><strong><em>Ἅιδην</em></strong></span> <span class='ocrx_word' id='word_1_246' title='bbox 1330 3961 1381 4024; x_wconf 79' lang='grc' dir='ltr'><strong><em>καί</em></strong></span> 
     </span>
     <span class='ocr_line' id='line_1_30' title="bbox 149 4076 1122 4156; baseline -0.002 -16"><span class='ocrx_word' id='word_1_247' title='bbox 149 4077 271 4141; x_wconf 73' lang='grc' dir='ltr'><strong><em>ὁπόσων</em></strong></span> <span class='ocrx_word' id='word_1_248' title='bbox 295 4078 443 4139; x_wconf 77' lang='grc' dir='ltr'><strong><em>ἐθεάσατο</em></strong></span> <span class='ocrx_word' id='word_1_249' title='bbox 466 4077 532 4139; x_wconf 74' lang='grc' dir='ltr'><strong><em>ἐκεῖ</em></strong></span> <span class='ocrx_word' id='word_1_250' title='bbox 550 4076 602 4149; x_wconf 82' lang='grc' dir='ltr'><strong>τὰς</strong></span> <span class='ocrx_word' id='word_1_251' title='bbox 626 4077 726 4156; x_wconf 80' lang='grc' dir='ltr'><strong><em>ψυχάς</em></strong></span> <span class='ocrx_word' id='word_1_252' title='bbox 750 4079 860 4149; x_wconf 74' lang='lat' dir='ltr'><strong>(Paua.</strong></span> <span class='ocrx_word' id='word_1_253' title='bbox 885 4077 974 4152; x_wconf 88' lang='lat' dir='ltr'>VIII,</span> <span class='ocrx_word' id='word_1_254' title='bbox 999 4078 1054 4152; x_wconf 86' lang='lat'><strong>48,</strong></span> <span class='ocrx_word' id='word_1_255' title='bbox 1079 4080 1122 4146; x_wconf 88' lang='lat'><strong>6).</strong></span> 
     </span>
    </p>

    <p class='ocr_par' dir='ltr' id='par_1_7' title="bbox 149 4187 1381 4496">
     <span class='ocr_line' id='line_1_31' title="bbox 196 4187 1381 4269; baseline -0.003 -15"><span class='ocrx_word' id='word_1_256' title='bbox 196 4194 260 4254; x_wconf 91' lang='lat' dir='ltr'><strong>Ubi</strong></span> <span class='ocrx_word' id='word_1_257' title='bbox 290 4209 368 4254; x_wconf 88' lang='lat' dir='ltr'><strong>vero</strong></span> <span class='ocrx_word' id='word_1_258' title='bbox 400 4192 531 4268; x_wconf 89' lang='lat' dir='ltr'><strong>sepulta</strong></span> <span class='ocrx_word' id='word_1_259' title='bbox 559 4192 688 4253; x_wconf 86' lang='lat' dir='ltr'><strong>lacebat</strong></span> <span class='ocrx_word' id='word_1_260' title='bbox 712 4192 845 4252; x_wconf 82' lang='lat' dir='ltr'><strong>Maera?</strong></span> <span class='ocrx_word' id='word_1_261' title='bbox 871 4190 1028 4269; x_wconf 81' lang='grc' dir='ltr'><strong><em>Τεγεάταις</em></strong></span> <span class='ocrx_word' id='word_1_262' title='bbox 1052 4188 1221 4268; x_wconf 81' lang='grc' dir='ltr'><strong><em>τοῦλόγου</em></strong></span> <span class='ocrx_word' id='word_1_263' title='bbox 1245 4187 1278 4249; x_wconf 77' lang='grc' dir='ltr'><strong>τὸ</strong></span> <span class='ocrx_word' id='word_1_264' title='bbox 1302 4188 1381 4262; x_wconf 81' lang='grc' dir='ltr'><strong><em>εἰκὸς</em></strong></span> 
     </span>
     <span class='ocr_line' id='line_1_32' title="bbox 150 4295 1380 4384; baseline -0.002 -17"><span class='ocrx_word' id='word_1_265' title='bbox 150 4305 252 4367; x_wconf 75' lang='grc' dir='ltr'><strong><em>ἕπεται</em></strong></span> <span class='ocrx_word' id='word_1_266' title='bbox 276 4309 405 4384; x_wconf 84' lang='grc' dir='ltr'><strong><em>Μοῖραν</em></strong></span> <span class='ocrx_word' id='word_1_267' title='bbox 428 4304 482 4383; x_wconf 75' lang='grc' dir='ltr'><strong><em>τὴν</em></strong></span> <span class='ocrx_word' id='word_1_268' title='bbox 499 4295 659 4376; x_wconf 70' lang='grc' dir='ltr'><strong><em>’Ἀτλαντοξ</em></strong></span> <span class='ocrx_word' id='word_1_269' title='bbox 678 4303 761 4384; x_wconf 76' lang='grc' dir='ltr'><strong><em>παρὰ</em></strong></span> <span class='ocrx_word' id='word_1_270' title='bbox 785 4305 874 4379; x_wconf 82' lang='grc' dir='ltr'><strong><em>σφίσι</em></strong></span> <span class='ocrx_word' id='word_1_271' title='bbox 891 4311 1027 4381; x_wconf 82' lang='grc' dir='ltr'><strong><em>ταφῆναι</em></strong></span> <span class='ocrx_word' id='word_1_272' title='bbox 1046 4304 1155 4374; x_wconf 66' lang='lat' dir='ltr'><strong>(Palm.</strong></span> <span class='ocrx_word' id='word_1_273' title='bbox 1168 4303 1256 4380; x_wconf 83' lang='lat' dir='ltr'>VIII,</span> <span class='ocrx_word' id='word_1_274' title='bbox 1272 4301 1323 4380; x_wconf 80' lang='lat'><strong>12,</strong></span> <span class='ocrx_word' id='word_1_275' title='bbox 1338 4306 1380 4375; x_wconf 81' lang='grc'><strong>7).</strong></span> 
     </span>
     <span class='ocr_line' id='line_1_33' title="bbox 149 4419 880 4496; baseline -0.004 -15"><span class='ocrx_word' id='word_1_276' title='bbox 149 4423 187 4482; x_wconf 95' lang='lat' dir='ltr'><strong>In</strong></span> <span class='ocrx_word' id='word_1_277' title='bbox 210 4422 284 4496; x_wconf 87' lang='lat' dir='ltr'><strong>ipsa</strong></span> <span class='ocrx_word' id='word_1_278' title='bbox 306 4420 406 4495; x_wconf 88' lang='lat' dir='ltr'><strong>igitur</strong></span> <span class='ocrx_word' id='word_1_279' title='bbox 429 4419 571 4481; x_wconf 83' lang='lat' dir='ltr'><strong>Maenali</strong></span> <span class='ocrx_word' id='word_1_280' title='bbox 594 4420 720 4480; x_wconf 90' lang='lat' dir='ltr'><strong>montis</strong></span> <span class='ocrx_word' id='word_1_281' title='bbox 744 4419 880 4479; x_wconf 81' lang='lat' dir='ltr'><strong>vicinia!</strong></span> 
     </span>
    </p>

    <p class='ocr_par' dir='ltr' id='par_1_8' title="bbox 149 4528 1382 4721">
     <span class='ocr_line' id='line_1_34' title="bbox 195 4528 1380 4609; baseline -0.002 -14"><span class='ocrx_word' id='word_1_282' title='bbox 195 4534 385 4608; x_wconf 82' lang='lat' dir='ltr'><strong>Stephanus</strong></span> <span class='ocrx_word' id='word_1_283' title='bbox 418 4534 498 4608; x_wconf 80' lang='lat' dir='ltr'><strong>Byr.</strong></span> <span class='ocrx_word' id='word_1_284' title='bbox 535 4532 651 4599; x_wconf 83' lang='lat' dir='ltr'><strong>habet:</strong></span> <span class='ocrx_word' id='word_1_285' title='bbox 688 4528 971 4608; x_wconf 74' lang='grc' dir='ltr'><strong><em>Καφοαί....ἀπὸ</em></strong></span> <span class='ocrx_word' id='word_1_286' title='bbox 1007 4528 1148 4609; x_wconf 80' lang='grc' dir='ltr'><strong>Κηφέως,</strong></span> <span class='ocrx_word' id='word_1_287' title='bbox 1182 4531 1307 4593; x_wconf 88' lang='lat' dir='ltr'><strong>Verum</strong></span> <span class='ocrx_word' id='word_1_288' title='bbox 1339 4548 1380 4593; x_wconf 88' lang='lat' dir='ltr'><strong>an</strong></span> 
     </span>
     <span class='ocr_line' id='line_1_35' title="bbox 149 4643 1382 4721; baseline -0.002 -13"><span class='ocrx_word' id='word_1_289' title='bbox 149 4664 247 4709; x_wconf 88' lang='lat' dir='ltr'><strong>secus</strong></span> <span class='ocrx_word' id='word_1_290' title='bbox 266 4648 432 4707; x_wconf 82' lang='lat' dir='ltr'><strong>transitus</strong></span> <span class='ocrx_word' id='word_1_291' title='bbox 462 4645 501 4707; x_wconf 87' lang='lat' dir='ltr'><strong>lit</strong></span> <span class='ocrx_word' id='word_1_292' title='bbox 531 4646 571 4706; x_wconf 86' lang='lat' dir='ltr'><strong>ad</strong></span> <span class='ocrx_word' id='word_1_293' title='bbox 596 4645 764 4719; x_wconf 82' lang='lat' dir='ltr'><strong>Cepheum</strong></span> <span class='ocrx_word' id='word_1_294' title='bbox 787 4644 861 4705; x_wconf 88' lang='lat' dir='ltr'><strong>Alei</strong></span> <span class='ocrx_word' id='word_1_295' title='bbox 884 4643 991 4706; x_wconf 87' lang='lat' dir='ltr'><strong>lilium</strong></span> <span class='ocrx_word' id='word_1_296' title='bbox 1015 4645 1142 4720; x_wconf 79' lang='lat' dir='ltr'><strong>Tegeae</strong></span> <span class='ocrx_word' id='word_1_297' title='bbox 1166 4647 1298 4721; x_wconf 87' lang='lat' dir='ltr'><strong>natum,</strong></span> <span class='ocrx_word' id='word_1_298' title='bbox 1325 4646 1382 4719; x_wconf 88' lang='lat' dir='ltr'><strong>qui</strong></span> 
     </span>
    </p>
   </div>
   <div class='ocr_carea' id='block_1_5' title="bbox 148 4757 1414 4908">
    <p class='ocr_par' dir='ltr' id='par_1_9' title="bbox 148 4757 1414 4908">
     <span class='ocr_line' id='line_1_36' title="bbox 148 4757 1414 4836; baseline 0.002 -14"><span class='ocrx_word' id='word_1_299' title='bbox 148 4763 185 4822; x_wconf 91' lang='lat' dir='ltr'><strong>ut</strong></span> <span class='ocrx_word' id='word_1_300' title='bbox 208 4764 321 4821; x_wconf 83' lang='lat' dir='ltr'><strong>narrat</strong></span> <span class='ocrx_word' id='word_1_301' title='bbox 345 4760 589 4836; x_wconf 87' lang='lat' dir='ltr'><strong>[Apollodorus]</strong></span> <span class='ocrx_word' id='word_1_302' title='bbox 614 4759 743 4828; x_wconf 80' lang='grc'>(11148)</span> <span class='ocrx_word' id='word_1_303' title='bbox 765 4757 941 4818; x_wconf 88' lang='lat' dir='ltr'><strong>Herculem</strong></span> <span class='ocrx_word' id='word_1_304' title='bbox 966 4759 1094 4818; x_wconf 88' lang='lat' dir='ltr'><strong>adiuvit</strong></span> <span class='ocrx_word' id='word_1_305' title='bbox 1116 4759 1150 4818; x_wconf 92' lang='lat' dir='ltr'><strong>in</strong></span> <span class='ocrx_word' id='word_1_306' title='bbox 1171 4760 1381 4834; x_wconf 82' lang='lat' dir='ltr'><strong>expeditione</strong></span> <span class='ocrx_word' id='word_1_307' title='bbox 1413 4823 1414 4826; x_wconf 73' lang='grc'><strong>,</strong></span> 
     </span>
     <span class='ocr_line' id='line_1_37' title="bbox 208 4864 1301 4908; baseline -0.001 0"><span class='ocrx_word' id='word_1_308' title='bbox 208 4865 355 4908; x_wconf 64' lang='lat' dir='ltr'><strong>venen.</strong></span> <span class='ocrx_word' id='word_1_309' title='bbox 1288 4864 1301 4907; x_wconf 82' lang='grc' dir='ltr'><strong><em>τ</em></strong></span> 
     </span>
    </p>
   </div>
   <div class='ocr_carea' id='block_1_6' title="bbox 0 0 1770 5692">
    <p class='ocr_par' dir='ltr' id='par_1_10' title="bbox 0 0 1770 5692">
     <span class='ocr_line' id='line_1_38' title="bbox 0 0 1770 5692; baseline 0 0"><span class='ocrx_word' id='word_1_310' title='bbox 0 0 1770 5692; x_wconf 95' lang='lat' dir='ltr'><strong> </strong></span> 
     </span>
    </p>
   </div>
  </div>
 </body>
</html>
