3525 5692
694 715 735 760 nn
760 716 867 760 sinon.
1352 702 1396 760 55

170 884 293 966 Τρώων,
322 880 355 956 ὃς
387 893 445 945 νῦν
478 881 493 943 ὁ
519 881 676 949 Ξυπετεὼν
699 882 822 965 λέγεται.
849 888 1002 964 Τεύκρους
1026 883 1059 946 δὲ
1082 884 1214 965 μηδένας
1238 884 1339 946 ἐλθεῖν
1363 881 1395 944 Iu

167 1009 219 1079 τῆς
244 999 373 1080 Κρήτης·
397 1007 448 1076 τῆς
472 994 504 1058 δὲ
526 999 601 1080 πρὸς
625 998 695 1072 τοὺς
715 999 862 1072 Ἀττικοὺς
883 997 1046 1078 ἐπιπλοκῆς
1065 1010 1124 1061 τῶν
1146 1000 1257 1082 Τρώων
1275 996 1395 1060 τιθέασι

166 1117 291 1191 σημεῖον
320 1110 371 1172 καὶ
394 1112 426 1173 τὸ
448 1107 515 1192 παρ’
542 1109 724 1193 ἀμφοτέροις
744 1107 939 1192 Ἐριχθόνιον
961 1136 1029 1174 τινα
1052 1112 1196 1194 γενέσθαι
1219 1122 1278 1174 τῶν
1302 1110 1392 1193 ἄρχη-

167 1229 282 1308 γετῶν”
307 1226 426 1298 (Strab.
451 1226 545 1303 XIII,
572 1227 658 1297 604).

214 1339 274 1416 Qui
296 1339 421 1401 luerint
443 1339 477 1398 hi
501 1335 586 1400 tum
610 1339 705 1401 docet
727 1339 908 1414 Dionysius
931 1341 1037 1402 Halic.
1051 1342 1079 1418 I,
1093 1343 1154 1402 cl:
1181 1349 1307 1417 ,τοῦτον
1331 1339 1394 1412 (τὸν

170 1457 314 1534 Τεῦκρον)
345 1449 430 1513 ἄλλοι
460 1475 490 1512 τε
514 1449 692 1513 mediolani
718 1451 901 1530 Φανόδημος
925 1449 941 1512 ὅ
964 1462 1019 1531 τῆν
1043 1450 1175 1530 Ἀττινιὴν
1196 1453 1317 1534 γράψας
1340 1451 1392 1533 ἀρ-

164 1566 338 1646 χαιολογίαν
374 1564 406 1626 ἒιι
442 1573 493 1644 τῆς
528 1569 657 1643 Ἀττικῆς
688 1565 864 1643 μετοικῆσαί
894 1583 989 1642 φασιν
1020 1565 1061 1638 εἰς
1091 1563 1147 1642 τὴν
1170 1566 1270 1626 Ἀσίαν
1293 1566 1392 1646 δῆμον

163 1679 355 1753 &vesaniae
378 1677 539 1761 ἅρχοντοι”.
584 1681 792 1741 Revocamur
814 1681 917 1755 igitur
939 1681 980 1742 ad
1004 1680 1296 1762 AtthldographOS.

210 1795 291 1871 Quid
322 1795 538 1858 statuendum
562 1794 595 1854 in
621 1809 655 1856 re
679 1796 749 1855 tam
773 1794 866 1855 alane
888 1794 1011 1869 plena?
1034 1794 1210 1870 Triplioem
1236 1794 1392 1856 narratio·

162 1926 239 1971 nem
262 1910 302 1970 de
324 1908 525 1970 Teucrorum
545 1908 675 1983 origine
695 1907 875 1970 habemus:
896 1909 1088 1984 provenisse
1108 1922 1166 1968 eos
1184 1908 1235 1969 vel
1250 1907 1393 1968 ecilicia
1419 1933 1447 1965 a

98 2096 101 2100 ¹
163 2019 331 2100 Trachon,
346 2022 398 2083 vel
418 2038 436 2083 s
456 2020 567 2098 Orata,
590 2021 641 2083 vel
660 2036 702 2082 ex
721 2021 841 2083 Attica.
861 2022 907 2081 At
922 2035 962 2082 ex
984 2022 1045 2082 hac
1062 2022 1167 2082 triade
1179 2021 1395 2081 Kretschmer

164 2153 230 2199 non
252 2135 426 2198 infeliciter
449 2151 551 2196 unam
575 2136 717 2212 amovit,
737 2150 857 2219 nempe
877 2135 1040 2210 originem
1059 2133 1265 2212 Cretensem,
1286 2135 1395 2196 obser·

167 2265 251 2311 vans
274 2249 418 2310 Milesios
441 2249 531 2323 lpsos
554 2263 591 2309 se
615 2264 658 2309 ex
677 2249 739 2310 hac
758 2249 867 2309 insula
887 2249 1043 2310 oriundos
1062 2248 1175 2323 palam
1194 2249 1393 2325 declarasse,

168 2380 232 2439 quo
255 2364 382 2424 lactum
406 2377 480 2424 esse
505 2364 542 2422 ut
565 2361 742 2437 Gergithes
764 2377 894 2436 quoque
918 2362 1021 2424 llileti
1044 2363 1246 2437 antiquiores
1270 2362 1398 2423 incolae

167 2479 243 2540 inde
267 2477 398 2540 venisse
422 2478 645 2540 crederentur.

213 2591 303 2667 Quod
337 2592 379 2652 ad
412 2591 573 2666 originem
608 2591 746 2652 atticam
777 2589 916 2666 attinet,
947 2591 1101 2664 quisnam
1133 2589 1396 2665 atthidographis

167 2720 333 2779 nusquam
364 2719 429 2765 non
457 2703 590 2766 colonos
613 2705 836 2765 Athenienses
859 2703 1095 2779 indagantibus
1118 2702 1215 2765 tidem
1240 2701 1397 2764 habebit?

166 2819 326 2896 Quidquid
358 2833 469 2880 eorem
498 2818 617 2879 iudicio
647 2833 690 2878 ex
719 2817 833 2878 Attica
863 2817 1030 2894 provenit,
1064 2833 1129 2879 non
1167 2819 1232 2879 nisi
1267 2820 1394 2879 statera

163 2934 333 3009 exactum,
353 2932 464 3007 lapide
484 2931 586 3006 Lydio
604 2933 788 3008 tentatum,
808 2946 828 2992 a
847 2930 1091 2993 scrutatoribus
1110 2932 1279 2993 historicis
1298 2933 1383 2993 iutro

164 3047 255 3108 mttti
288 3045 384 3107 solet.
420 3045 588 3122 Quinimo,
619 3045 686 3106 iam
718 3046 804 3106 hanc
834 3043 875 3105 ob
907 3060 1042 3106 causam
1074 3047 1283 3121 suspectum,
1315 3047 1392 3120 quid

163 3161 249 3236 dico,
274 3158 397 3221 lnlsum
416 3157 595 3234 fictumque
619 3159 758 3236 videtur,
782 3158 939 3232 quoniam
962 3159 1003 3220 ab
1026 3159 1389 3235 Atthidographonobi·

163 3289 259 3335 scum
281 3273 557 3335 communicatur.

209 3385 330 3448 Oontra
361 3386 400 3446 de
430 3386 554 3461 origine
586 3385 750 3448 Ciliciensi
779 3387 909 3448 dubitat
938 3402 1026 3448 unus
1056 3389 1090 3449 et
1113 3388 1207 3463 alter,
1231 3403 1289 3463 pro
1313 3403 1391 3450 vera

163 3500 287 3562 habent
310 3501 419 3564 multi.
443 3500 562 3575 Ecquis
585 3503 624 3562 de
647 3503 729 3578 ipsis
753 3501 888 3562 Teucris
910 3500 1064 3562 dubitat?

208 3615 324 3676 'I'eucri
358 3615 491 3677 Troiani
520 3619 614 3692 sunt,
646 3616 694 3677 ita
725 3616 857 3677 discunt
888 3615 981 3690 pueri
1010 3615 1118 3675 nostri
1146 3616 1180 3676 in
1211 3616 1390 3678 subselliis.

163 3730 278 3791 Nonne
308 3730 393 3805 apud
416 3729 598 3805 Vergilium
623 3729 791 3791 exclamat
815 3730 919 3791 miser
941 3729 1109 3791 Laocoon:
1135 3745 1238 3806 ,equo
1261 3744 1302 3790 ne
1326 3745 1389 3791 cre·

163 3844 230 3906 dite
261 3843 417 3906 'I'eucril''
450 3844 518 3920 Quo
543 3861 620 3907 vero
644 3847 793 3921 tempore
817 3860 939 3907 nomen
962 3845 1043 3907 illud
1066 3846 1280 3922 Teucrorum,
1306 3845 1392 3919 quod

162 3957 249 4034 apud
269 3957 467 4035 Homerum,
489 3959 567 4020 licet
589 3961 660 4021 tam
683 3962 717 4021 et
739 3961 791 4021 tot
814 3961 925 4021 varias
947 3962 1098 4023 nominet
1116 3960 1247 4035 gentes,
1268 3959 1392 4020 frustra
1438 3941 1441 3945 ’
1487 4015 1494 4029 ,

163 4071 341 4147 quaerltur,
373 4072 407 4132 ln
438 4070 546 4132 lucem
571 4072 715 4147 prodiit?
746 4071 893 4134 Oallinus
916 4073 1079 4150 Ephesius
1102 4072 1271 4148 elegorum
1294 4075 1393 4149 posta

163 4184 286 4246 saeculi
317 4185 452 4260 septimi
475 4186 562 4247 teste
586 4185 747 4247 Strabone
769 4187 843 4248 loco
865 4201 967 4263 supra
988 4186 1089 4249 allato
1111 4187 1239 4263 primus
1261 4187 1392 4249 locutus

163 4307 216 4360 est
233 4300 273 4360 de
299 4297 447 4378 Τεύκροις
465 4296 496 4358 ἐκ
519 4308 572 4378 τῆς
596 4299 717 4380 Κρήτης
742 4297 935 4379 ἀφιγμένοις,
961 4301 1083 4362 falsam
1113 4301 1216 4377 igitur
1239 4301 1280 4362 iis
1300 4301 1391 4363 attri-

165 4413 268 4473 buens
291 4413 446 4488 patriam.
470 4413 530 4474 Est
552 4413 639 4474 idem
663 4415 774 4491 poeta,
802 4415 859 4488 qui
881 4416 921 4476 de
948 4413 1137 4476 Cimmeriis
1163 4431 1291 4492 quoque
1311 4412 1392 4497 ὀβρι-

163 4531 316 4606 μοεργοῐς,
349 4528 388 4588 de
419 4527 592 4604 Traribus,
624 4529 662 4589 de
692 4528 868 4590 Ilsionibus
892 4524 1054 4601 (Ἠσιονεῖς
1078 4531 1184 4592 Strab.
1209 4530 1289 4591 XIII
1316 4531 1391 4607 627,

164 4642 205 4703 cf.
235 4635 377 4720 ‘Helium
412 4643 477 4704 vid.
513 4642 608 4713 infra)
644 4644 845 4704 mentionem
879 4644 973 4721 iecit,
1008 4645 1124 4706 doctus
1154 4646 1255 4720 igitur
1282 4645 1392 4705 homo.

163 4756 209 4816 At
241 4753 304 4818 tide
338 4772 466 4831 quoque
497 4757 657 4818 hletorlca
687 4758 831 4832 dignus?
863 4758 1044 4819 Asseverat
1067 4759 1154 4819 idem
1179 4757 1392 4820 Calchantem
