3525 5692
441 737 502 797 116
956 752 997 795 or
1020 752 1130 797 uraca.

434 938 628 997 supremum
658 922 783 983 obierat
813 922 901 983 diem
927 923 1120 983 mittebatur
1141 937 1215 983 una.
1238 922 1286 982 Ne
1308 924 1504 999 Lycophron
1525 921 1635 997 quidam

435 1037 475 1097 de
498 1034 682 1110 virginibus
705 1035 883 1108 quotannis
906 1034 1019 1095 missis
1041 1035 1195 1109 loquitur.

480 1148 615 1210 Ceteros
643 1148 867 1223 Lycophronis
898 1163 1027 1224 versus,
1060 1164 1136 1209 cum
1166 1150 1251 1209 satis
1273 1150 1343 1210 sint
1370 1150 1532 1226 perspicui
1552 1160 1637 1220 neque

435 1265 610 1338 quicquam
633 1262 710 1321 novi
734 1260 885 1336 offerant,
911 1264 1034 1321 missos
1057 1276 1145 1322 nuno
1168 1262 1320 1323 iacimus.

469 1373 614 1435 “Yocurov
636 1374 824 1450 κατεδόμεθα
848 1374 901 1434 τὸν
920 1374 1098 1453 Στράβωνα,
1117 1376 1172 1449 qui
1191 1352 1231 1436 de
1250 1377 1465 1436 Locrensium
1476 1374 1639 1436 titulusita

436 1490 502 1564 egit
523 1489 606 1549 libro
629 1488 709 1548 XIII
731 1504 762 1563 p.
788 1488 853 1549 600
876 1504 944 1563 sq.:
972 1485 1112 1568 ,λέγουσι
1135 1482 1161 1547 δ’
1189 1487 1222 1547 οἱ
1240 1496 1300 1547 νῶν
1319 1482 1415 1560 Ἰλιεῖς
1434 1485 1486 1547 καί
1508 1482 1637 1555 τούτούς

433 1597 505 1662 οὐδὲ
535 1598 637 1672 τελέως
668 1598 849 1677 συνέβαινεν
879 1598 1054 1678 ἠφανίσθαι
1080 1598 1135 1677 τὴν
1164 1600 1254 1661 πόλιν
1282 1599 1358 1660 κατὰ
1381 1599 1494 1660 ἅλωσιν
1516 1598 1572 1659 ini
1592 1607 1638 1657 τῶν

434 1716 568 1791 Ἀχαιῶν,
590 1708 655 1774 οὐδ’
683 1711 849 1792 ἐξηλείφθη
874 1710 1027 1774 ούύέποτε.
1051 1713 1086 1773 αί
1105 1722 1182 1793 γοῦν
1206 1713 1354 1791 Λοκρίύες
1377 1711 1530 1790 παρθένοι
1549 1709 1638 1789 μικρὸν

432 1827 558 1903 ὕστερον
591 1825 755 1906 ἀρξάμεναι
792 1824 961 1903 ἐπέμποντο
999 1821 1064 1885 κατ’
1101 1825 1197 1898 ἔτος.”
1230 1829 1308 1904 „At
1344 1828 1500 1889 observat
1531 1824 1638 1897 Strabo,

433 1943 514 2003 haec
548 1957 612 2002 non
647 1942 726 2001 sunt
764 1941 940 2001 homerica.
976 1940 1064 2000 Nihil
1098 1940 1186 2001 enim
1222 1940 1261 2000 de
1298 1940 1421 2000 violata
1455 1938 1639 2000 Cassandrae

431 2056 591 2131 pudicitia
613 2056 699 2131 apud
719 2055 904 2116 Homerum
926 2055 1058 2115 invenis
1076 2069 1182 2128 neque
1195 2056 1281 2114 hauc
1301 2054 1342 2114 oh
1362 2069 1501 2114 causam
1513 2053 1639 2113 Minerva

432 2169 526 2230 Aiaci
548 2169 759 2243 naufragium
783 2170 948 2229 struxisse
969 2168 1132 2228 videtur.”
1153 2168 1307 2241 sequitur
1325 2168 1405 2226 hoc:
1421 2160 1641 2239 ,τὰςδὲΛοκρί-

432 2282 486 2353 δας
516 2287 699 2359 πεμφθῆναι
723 2285 850 2361 Περσῶν
877 2280 937 2359 ἤδη
961 2281 1154 2357 κρατούντων
1177 2279 1324 2359 συνέβη”.
1348 2280 1489 2341 Deinde:
1516 2275 1639 2355 ,Ὅμηρος

373 2404 379 2417 ·
432 2392 527 2472 ῥητῶς
562 2393 614 2455 τὸν
649 2392 823 2473 ἀφανισμὸν
857 2404 909 2472 τῆς
943 2396 1056 2466 πόλεως
1087 2393 1226 2471 είρηκεν”
1250 2395 1287 2463 (Ζ
1310 2394 1376 2454 448
1400 2398 1474 2466 sq).
1497 2393 1637 2464 Denique:

434 2500 625 2582 ,Ἑλλάνικος
656 2506 850 2585 χαριζόμενος
881 2512 943 2578 τοῖς
964 2501 1113 2583 Ἰλιεῦσιν,
1134 2499 1197 2577 οίος
1220 2502 1338 2565 ἐκείνου
1361 2512 1480 2583 μῦθος,
1501 2505 1640 2587 συνημορεῑ

431 2629 470 2702 τῷ
498 2617 552 2695 τήν
576 2617 672 2697 αὐτὴν
695 2615 773 2681 εἶναι
796 2621 886 2679 πόλιν
909 2619 963 2696 τὴν
987 2628 1045 2679 νῦν
1068 2629 1104 2703 τῇ
1127 2618 1225 2680 τύτε”.

475 2733 612 2794 Ilienses
624 2734 726 2808 igitur
737 2750 841 2809 aeque
853 2750 892 2796 ac
904 2735 1097 2796 Hellanicus
1108 2735 1315 2811 perhibuisse
1334 2734 1500 2809 videntur,
1520 2733 1639 2793 Graecos

429 2848 546 2907 statim
583 2849 659 2921 post
690 2848 804 2909 urbem
836 2849 980 2909 deletam
1011 2849 1122 2909 locum
1152 2862 1345 2923 occupasse.
1369 2846 1559 2908 Demetrius
1580 2856 1638 2904 vero

429 2960 581 3034 Scepsius
609 2963 642 3020 et
672 2961 830 3021 Hestiaea
859 2962 999 3022 oriunda
1029 2978 1071 3022 ex
1100 2962 1218 3037 oppido
1245 2960 1448 3021 Alexandria
1471 2954 1638 3020 Troadeiis

428 3072 646 3147 obloquuntur
678 3072 882 3135 affirmantes
913 3075 1056 3135 Graecos
1084 3089 1149 3134 non
1179 3077 1256 3134 ante
1286 3074 1431 3133 aetatem
1463 3069 1635 3148 Lydiamiu

427 3185 498 3245 loco
530 3185 620 3246 urbis
651 3188 844 3247 devastatae
875 3187 1075 3247 consedisse.
1107 3185 1225 3246 Strabo
1256 3201 1331 3247 cum
1362 3185 1531 3246 Demetrio
1559 3182 1634 3249 facit

427 3313 529 3373 supra
555 3302 683 3375 autem,
715 3315 790 3359 cum
822 3301 860 3360 de
884 3299 1109 3373 Lycophronis
1132 3299 1270 3359 scholiis
1292 3297 1488 3375 agebamus,
1515 3298 1636 3358 vidimus
1703 3389 1704 3392 Ἴ

403 3400 405 3404 ’
428 3412 600 3471 'timaeum
632 3426 773 3487 quoque,
805 3414 891 3487 quod
921 3414 961 3473 ad
992 3413 1125 3473 initium
1148 3410 1301 3473 sacrificii
1324 3412 1498 3473 Locrensis
1520 3408 1635 3477 attinet,

427 3526 536 3586 facere
560 3540 634 3585 cum
659 3524 846 3587 Iliensibus.

472 3638 639 3699 Briiokner
659 3636 766 3711 (Troia
784 3639 850 3700 und
870 3638 954 3698 ilion
974 3639 1006 3697 ΙΙ
1025 3639 1205 3699 Abschnitt
1216 3638 1274 3708 IX)
1289 3638 1421 3699 monuit
1431 3632 1637 3713 Lycophronis

426 3751 526 3811 verba
548 3766 675 3812 ueonon
699 3751 899 3812 scholiastae
923 3751 981 3811 illa
1011 3753 1203 3827 comparata
1233 3767 1308 3812 cum
1338 3751 1546 3827 iliupersidis
1568 3749 1633 3816 frag·
1702 3783 1703 3796 ι

427 3865 550 3926 mentis
581 3864 702 3924 miram
733 3865 907 3925 ostendere
937 3866 1198 3940 congruentiam.
1228 3865 1336 3925 Verba
1362 3866 1451 3925 enim
1476 3854 1631 3925 scholiiad

428 3993 476 4039 118.
512 3977 596 4038 1157
621 3980 701 4038 sunt
730 3978 826 4037 haec:
861 3980 982 4054 ,Τρῶες
1016 3979 1159 4049 λίθους
1183 3978 1342 4056 ἔχοντες
1365 3976 1416 4037 καλ
1440 3977 1514 4054 ξίφη
1537 3967 1630 4053 Insilit

426 4106 484 4149 σαν
526 4089 640 4160 αὐτοῖς’
684 4087 734 4149 διὰ
777 4098 865 4150 τοῦτο
908 4082 965 4151 οὖν
992 4089 1142 4152 ἔσπενδον
1172 4093 1271 4165 λάθρα
1301 4088 1352 4151 καί
1383 4091 1500 4169 νύκτωρ
1531 4086 1629 4162 dotet&

426 4210 514 4280 σθαι,
548 4203 698 4263 εἰσιοῦσαι
728 4200 760 4262 δέ
790 4201 1032 4275 ἐκαθέζοντο
1064 4203 1235 4276 ἱκέτιδες
1266 4202 1327 4265 ἐπί
1357 4212 1422 4265 τοῦ
1453 4201 1629 4282 tepuerit

425 4317 619 4393 Ἀθηνᾶς”.

471 4430 509 4489 In
530 4431 734 4506 iliupersidis
762 4434 919 4506 excerpto
944 4431 1083 4505 legitur:
1117 4431 1343 4507 ,Κασσάνδραν
1368 4428 1401 4490 ei
1424 4432 1502 4503 Α”ιας
1526 4419 1627 4492 ὁἨίνι

425 4539 500 4617 πρὸς
523 4543 594 4621 βίαν
617 4540 765 4603 ἀποσπῶν
789 4543 1003 4619 συνεφέλκεται
1026 4542 1059 4603 τὸ
1083 4551 1134 4620 τῆς
1155 4548 1285 4621 Ἀθηνᾶς
1310 4542 1432 4615 ξόανον·
1450 4539 1495 4621 ἐφ’
1517 4539 1626 4627 &W

426 4651 587 4725 ξννθέντες
619 4655 651 4713 οί
669 4652 816 4734 Ἕλληνες
847 4661 1095 4716 καταλεῦσαι
1124 4656 1323 4735 βουλεύονται
1344 4654 1397 4716 τὸν
1420 4657 1551 4732 Αἴαντα,
1569 4647 1582 4711 ὁ
1599 4636 1626 4703 II

425 4764 492 4826 ἐπὶ
511 4766 579 4826 τὸν
597 4774 664 4844 τῆς
681 4770 844 4845 Ἀθηνᾶς
863 4770 997 4848 βῶμον
1016 4769 1297 4849 καταφεύγει”,
1318 4758 1623 4846 (ot.Paus.X‚26‚3i·
