3525 5692
701 741 743 784 ua
766 739 874 786 araon.
1338 719 1400 778 125

174 929 309 987 sumus,
334 916 412 988 quin
437 913 539 974 simul
562 913 749 987 cogitemus
772 913 812 973 de
834 911 934 972 buius
957 910 1048 971 urbis
1070 906 1251 986 μητροπόλει
1274 907 1294 967 1.
1313 922 1340 967 6.
1365 907 1404 966 (16

175 1029 312 1090 Locride
345 1029 434 1103 ipsa;
468 1022 488 1103 ἡ
518 1023 634 1084 παλαιὰ
666 1028 779 1086 autem
808 1023 896 1102 ὕβρις
926 1023 1020 1083 66116
1050 1022 1116 1083 6116
1144 1021 1250 1082 fuisse
1275 1021 1404 1081 videtur

174 1157 277 1217 quam
310 1137 330 1218 ἡ
360 1148 415 1200 τοῦ
449 1139 586 1210 Αἴαντος.
616 1139 698 1200 Ecce
726 1139 799 1213 ipsa
829 1138 864 1197 in
894 1137 1030 1198 Locride
1061 1133 1214 1196 sacrificii
1245 1133 1402 1210 vestigia,

174 1256 354 1316 dummodo
378 1254 478 1315 rerba
500 1250 653 1328 docoroov
676 1250 728 1323 τὰς
751 1250 843 1330 κόρας
866 1252 950 1312 bene
972 1249 1217 1323 intellegamus.

219 1367 374 1444 Virgines
408 1365 623 1441 Babyloniae,
658 1365 707 1425 ita
736 1365 837 1426 refert
866 1364 1069 1440 Herodotus,
1096 1360 1196 1439 ,ἅπαξ
1227 1357 1260 1419 ἐν
1290 1368 1326 1442 τῇ
1350 1357 1403 1443 ζόῃ

175 1479 323 1560 ἕμίγησαν
346 1476 435 1557 ἀνδρὶ
455 1478 573 1562 ξείνῳ”.
596 1478 724 1553 Pergit:
749 1474 861 1554 ,ἐπεὰν
880 1473 914 1536 δὲ
933 1481 1029 1559 μιχθῇ
1047 1471 1281 1552 ἀποσιωσαμένη
1292 1482 1327 1557 τῇ
1339 1478 1402 1555 θεῷ

174 1592 396 1652 ἀπαλλάσσεται
430 1589 460 1663 ἐς
493 1589 529 1651 τὰ
552 1590 664 1650 οἰκία”.
699 1592 842 1652 Domum
872 1591 1052 1652 revertitur
1079 1589 1203 1665 puella,
1227 1588 1402 1663 postquam

173 1710 255 1769 deae
278 1706 430 1783 genitrici
453 1704 682 1779 virginitatem
706 1719 804 1764 suam
827 1702 1037 1764 sacrificavit.

221 1821 350 1881 Itemne
385 1819 529 1893 virgines
567 1818 748 1879 locrenses
777 1817 849 1892 lege
879 1832 997 1877 666666
1030 1821 1165 1879 coactae
1196 1824 1292 1881 66661
1322 1821 1402 1881 deae

172 1933 359 1994 fertilitatis
398 1947 499 2006 supra
540 1946 560 1991 a
601 1930 696 1990 nobis
736 1933 944 1991 memoratae
984 1946 1021 1991 66
1054 1931 1216 2007 metipsas
1249 1934 1402 1994 tradere?

174 2047 304 2107 11166166
327 2048 436 2121 potest
458 2048 496 2104 61
514 2045 578 2104 hac
600 2058 618 2104 6
641 2044 879 2104 consuetudine
904 2043 1120 2120 explicandus
1143 2047 1188 2106 611
1210 2062 1284 2107 mos
1303 2061 1404 2122 supra

175 2163 397 2233 memoratus,
440 2173 518 2232 quo,
560 2159 598 2217 ut
636 2156 895 2230 coniciebamus,
931 2157 1077 2232 virgines
1112 2158 1238 2232 aliquot
1272 2161 1403 2220 numini

173 2273 302 2349 piaculo
326 2272 549 2332 offerrentur?
568 2270 641 2345 Vel,
666 2271 696 2330 si
719 2271 798 2330 talis
821 2271 998 2345 explicatio
1021 2271 1122 2331 nimis
1145 2273 1276 2333 videtur
1298 2276 1402 2335 teme·

175 2387 263 2447 raria
292 2383 607 2458 difficultatibusque
637 2384 773 2445 invictis
796 2384 953 2465 obnoxia,
975 2385 1104 2445 ratione
1127 2385 1270 2446 tortasse
1294 2387 1405 2460 aliqua

174 2500 263 2560 inter
282 2499 556 2560 consuetudinem
576 2498 868 2573 Epizephyriorum
888 2501 922 2557 61
933 2512 1060 2557 morem
1080 2498 1255 2560 Iliensium
1268 2503 1405 2562 exstat?

174 2613 242 2673 Res
268 2615 357 2673 66616
386 2612 420 2672 16
451 2611 523 2672 6616
553 2610 695 2670 Troiano
725 2614 860 2685 peracta
883 2609 1059 2686 philologis
1081 2627 1145 2672 non
1171 2614 1335 2675 videbitur
1357 2615 1405 2674 in·

173 2727 287 2802 dlgna,
313 2728 409 2786 cuius
432 2724 592 2798 originem
616 2723 719 2784 altius
740 2726 942 2785 scrutemur.

220 2840 265 2899 At
298 2839 352 2899 bic
385 2839 562 2898 haeremus
592 2837 822 2898 dubitabundi.
858 2837 940 2913 Quid
972 2839 1087 2899 enim?
1117 2839 1268 2916 Virgines
1299 2859 1406 2905 666666

174 2953 288 3013 Locris
319 2951 547 3027 Epizephyriis
582 2965 710 3012 necnon
745 2951 889 3012 fortasse
923 2952 997 3026 ipsa
1037 2953 1072 3011 in
1106 2954 1241 3016 Locride
1276 2946 1406 3017 numini

173 3065 387 3127 fecunditatis
421 3065 538 3125 florem
569 3079 670 3125 suum
701 3064 879 3141 debebant,
911 3081 987 3126 cum
1011 3082 1135 3141 666666
1157 3069 1191 3128 16
1214 3068 1341 3130 'troade
1365 3072 1405 3132 ad
1434 3145 1435 3149 ρ

174 3182 273 3241 deam
302 3179 499 3255 placandam
528 3179 614 3239 satis
644 3181 793 3240 essent?
815 3180 991 3240 Diversine
1014 3181 1116 3255 igitur
1138 3182 1274 3243 fuerunt
1296 3199 1407 3245 mores

176 3296 389 3356 Locrensium
424 3294 458 3353 in
491 3293 592 3354 Italia
625 3297 659 3354 et
693 3282 727 3354 in
760 3293 887 3356 'l'roade
921 3294 1129 3370 degentium,
1159 3295 1237 3356 licet
1268 3288 1435 3370 uterque'

174 3409 261 3469 ritus
284 3409 325 3468 ad
349 3423 450 3469 unam
474 3407 679 3481 eandemque
702 3408 880 3469 referretur
903 3405 1028 3468 attico?

221 3523 273 3583 An
295 3523 381 3583 forte
403 3537 492 3596 mos,
518 3521 631 3595 quiin
655 3520 781 3583 'Proade
803 3537 986 3597 paucarum
1010 3522 1164 3597 exigebat
1188 3521 1402 3599 sacrificium,

174 3637 222 3697 116
251 3638 401 3696 mutatus
432 3639 484 3696 est
507 3651 525 3695 6
548 3636 685 3696 Locride
716 3637 750 3695 16
775 3636 906 3696 Italiam
929 3636 1167 3711 transmissus,
1192 3640 1230 3697 ut
1251 3639 1320 3698 tam
1346 3653 1402 3699 nu·

175 3765 286 3810 merus
304 3750 488 3825 puellarum
508 3764 608 3823 quam
628 3748 780 3811 sacrificii
800 3765 905 3824 genus
924 3750 1173 3825 discreparent?
1198 3750 1296 3811 Aliud
1314 3751 1402 3812 enim

173 3865 226 3924 est
249 3863 477 3938 virginitatem
500 3864 643 3938 solvere,
667 3864 758 3924 aliud
781 3864 998 3939 semetipsam
1023 3866 1095 3924 toto
1118 3878 1252 3938 corpore
1274 3865 1403 3925 numini

172 3976 314 4036 tradere.
347 3975 421 4050 llst3
453 3976 511 4036 sed
542 3991 608 4036 non
639 3975 688 4036 ita
715 3975 872 4037 differunt
903 3976 936 4035 bi
966 3990 1089 4052 mores,
1129 3979 1166 4036 nt
1192 3976 1403 4040 nullomodo

173 4090 259 4149 inter
277 4104 313 4149 se
333 4089 484 4164 componi
514 4090 657 4165 possint;
678 4092 903 4163 quaerendum
923 4093 976 4151 661
998 4090 1167 4151 vinculum
1188 4107 1252 4166 quo
1272 4094 1402 4153 coniun-

173 4204 294 4277 gantur
317 4203 405 4264 16166
428 4219 519 4284 sese.

218 4316 392 4378 Auxilium
411 4318 477 4378 fert
497 4318 681 4391 epiaodium
702 4319 742 4379 de
751 4318 956 4379 cassandrae
968 4319 1111 4391 quodam
1124 4319 1156 4378 in
1170 4318 1298 4380 Daunia
1311 4321 1402 4382 cultu

174 4430 354 4489 tractatum
367 4429 401 4488 in
413 4429 604 4490 Alexandra
616 4430 656 4490 ab
669 4432 881 4506 Lycophrona
895 4436 974 4500 (666.
991 4433 1233 4502 1128—1141).
1254 4434 1402 4495 Observa

173 4543 236 4602 boc
266 4543 452 4616 epiaodium
481 4543 584 4603 talem
615 4543 725 4604 locum
754 4545 789 4605 in
820 4544 1045 4618 Lycophronis
1068 4547 1214 4607 carmine
1238 4547 1397 4624 obtinere,

172 4661 210 4714 61
243 4655 334 4715 nullo
365 4655 430 4716 alio
461 4655 657 4732 interposito
680 4658 797 4717 statim
821 4657 919 4733 illud,
944 4659 1030 4732 quod
1053 4660 1131 4733 agat
1154 4660 1193 4719 de
1217 4660 1401 4735 virginibus

173 4769 390 4829 Locrensibus
412 4769 445 4828 in
470 4768 631 4831 Troadem
655 4771 784 4843 missis,
809 4773 995 4846 praecedat.
