3525 5692
665 683 727 780 *nr
749 736 859 780 suen.
1323 716 1386 775 105

202 907 322 969 Narrat
342 907 437 968 nobis
460 906 617 980 Polybius
629 906 742 980 XII,5,
765 908 862 967 baec:
883 907 1086 982 ‚Locrenses
1107 904 1256 979 sirudis,
1278 901 1390 963 omnis

159 1023 218 1082 illa
240 1036 324 1095 quae
347 1021 386 1080 de
408 1020 521 1080 Locris
542 1018 772 1095 Epizephyrils
794 1020 907 1079 docuit
931 1019 1130 1080 Aristoteles
1148 1017 1257 1091 magis
1276 1031 1391 1076 conve-

160 1138 258 1196 niunt
290 1149 367 1195 cum
401 1132 483 1209 illis,
508 1147 591 1206 quae
614 1133 778 1193 memoria
801 1134 1014 1208 tenentium,
1037 1148 1136 1207 quam
1160 1146 1214 1192 res
1236 1128 1333 1190 fictae
1354 1130 1388 1188 in

161 1248 310 1309 medium
330 1247 479 1322 prolatae
499 1261 519 1306 a
535 1245 705 1307 Timaeo”.
726 1247 827 1306 Addit
843 1245 1000 1321 Polybius
1013 1247 1220 1319 argumenta
1236 1244 1388 1320 „Locren
1493 1229 1499 1242 '

159 1376 217 1422 ses
238 1359 511 1435 quoquudooent
536 1357 635 1418 πάντα
657 1356 694 1418 vt
717 1357 769 1418 διὰ
791 1357 952 1438 προγόνων
974 1355 1084 1430 ἔνδοξα
1106 1352 1174 1437 παρ’
1201 1355 1304 1428 αὐτοῖς
1328 1353 1388 1415 ἀπὸ

159 1481 221 1533 τῶν
241 1481 398 1551 γυναικῶν
420 1469 477 1532 οάκ
499 1468 560 1533 ἀπὸ
582 1479 642 1531 τῶν
664 1468 787 1551 ἀνδρῶν
810 1463 898 1530 εἶναι.
922 1462 988 1530 οῖον
1008 1466 1141 1547 εὐθέως,
1157 1467 1289 1548 εὐγενεῖς
1305 1467 1389 1545 παρά

161 1602 248 1660 σφισι
265 1584 444 1662 νομίζεσθαι
461 1582 532 1656 τοὺς
555 1580 616 1643 ἀπὸ
638 1591 700 1643 τῶν
721 1581 829 1644 ἑκατὸν
852 1582 959 1643 οἰκιῶν
981 1580 1192 1662 λεγομένους.”
1218 1581 1386 1657 Quaenam

159 1703 272 1760 autem
295 1701 431 1760 centum
454 1698 531 1760 illae
554 1699 636 1759 sunt
656 1696 814 1759 familiae.
838 1697 1051 1775 Respondent
1074 1697 1269 1758 Locrenses:
1299 1697 1389 1771 ,ταύ-

158 1835 212 1884 τας
243 1807 271 1872 δ’
305 1805 386 1872 εἶναι
414 1810 467 1884 τὰς
497 1809 605 1872 ἑκατόν
635 1811 748 1886 οἰκίας,
774 1809 827 1884 τὰς
850 1811 1067 1891 προκριθείσας
1091 1809 1153 1871 ὑπὸ
1175 1817 1236 1869 τῶν
1258 1813 1389 1886 Λοκρῶν

160 1925 234 2003 πρὶν
256 1922 277 2004 ἢ
298 1923 355 2003 την
377 1915 524 1985 ἀποικίαν
544 1923 693 2002 ἐξελθεῖν,
711 1923 741 1998 έξ
761 1917 804 1986 ὧν
816 1923 938 2002 ἔμελλον
959 1924 990 1985 οἱ
1007 1921 1123 2002 Λοκροί
1142 1921 1216 1984 κατὰ
1235 1920 1388 2001 τὸνχρησ-

159 2038 218 2117 μὸν
247 2044 383 2117 κληροῦν
412 2036 465 2110 τάς
495 2035 783 2116 ἀποσταλησομέναις
808 2037 985 2118 παρθένους
1016 2039 1058 2110 είς
1080 2035 1181 2098 Ἴλιον.
1208 2036 1325 2097 τούτων
1348 2036 1388 2112 θη

160 2177 245 2224 τινας
267 2162 328 2213 τῶν
350 2162 507 2232 γυναικῶν
529 2153 692 2232 συνεξᾶραι
714 2150 788 2230 μετὰ
809 2161 863 2230 τῆς
888 2150 1044 2231 ἀποικιός,
1062 2144 1105 2213 όν
1125 2150 1195 2222 τοὺς
1214 2147 1387 2230 ἀπογόνους

159 2265 201 2325 ἔτι
220 2274 281 2324 νῦν
300 2264 431 2344 εὐγενεῖς
451 2264 629 2343 νομίζεσθαι
648 2263 699 2324 καῖ
718 2270 880 2326 καλεῖσθαι
898 2266 968 2338 τοὺς
986 2264 1045 2326 ἀπὸ
1058 2275 1117 2326 τῶν
1129 2263 1235 2324 ἑκατὸν
1247 2262 1386 2324 οίκιῶν”.

204 2379 345 2440 (tentum
378 2380 480 2454 igitur
510 2381 572 2439 bae
594 2379 743 2440 familiae
765 2394 844 2455 prae
868 2380 988 2440 ceteris
1015 2380 1163 2441 illustres
1186 2380 1278 2439 erant
1303 2375 1386 2452 apud

159 2494 342 2552 Locrenses
364 2492 558 2569 priusquam
581 2492 710 2553 colonia
731 2492 967 2567 deducebatur;
992 2507 1070 2582 nam
1094 2491 1226 2552 exiliis
1249 2491 1388 2550 Locren-

157 2621 216 2665 ses
238 2605 409 2666 oraculum
434 2605 583 2667 obsecuti
602 2608 694 2666 sorte
711 2605 867 2681 legebant
887 2607 1046 2682 virgines,
1064 2621 1149 2679 quae
1160 2605 1259 2665 Ilium
1272 2605 1387 2664 essent

157 2720 352 2780 mittendae.
385 2719 485 2780 Hisce
515 2722 629 2780 autem
653 2734 671 2779 e
693 2719 832 2780 familiis
854 2721 1013 2782 mulieres
1034 2719 1194 2795 quaedam
1220 2731 1296 2777 cum
1320 2730 1386 2776 ma·

155 2833 231 2893 ritis
265 2833 300 2893 in
335 2833 498 2894 coloniam
533 2833 697 2909 profectae
731 2837 841 2911 erant,
877 2835 927 2894 ita
959 2837 998 2895 ut
1031 2834 1076 2894 ibi
1110 2847 1238 2907 quoque
1272 2845 1385 2891 earum

153 2959 299 3021 propago
330 2947 450 3007 nobilis
481 2947 658 3008 haberetur
681 2950 715 3009 et
738 2948 837 3024 vulgo
859 2949 1088 3010 indicarentur
1111 2948 1246 3019 nomine
1272 2945 1347 3020 ‚qui
1371 2959 1388 3004 e
1493 2992 1496 2999 .

153 3062 291 3119 centum
315 3057 451 3120 familiis
474 3061 604 3121 oriundi
627 3062 739 3122 sunt''.

201 3171 399 3234 Affirmabat
433 3173 535 3247 igitur
569 3174 769 3235 Aristoteles
803 3175 836 3234 in
877 3175 1173 3251 Epizephyriorum
1208 3171 1388 3248 Republica

152 3285 222 3344 iam
245 3287 323 3345 ante
347 3285 511 3346 coloniam
534 3287 713 3348 Locrorum
735 3287 768 3348 in
789 3288 943 3363 Magnam
964 3288 1135 3349 Graeciam
1155 3287 1382 3347 deductam-

154 3397 241 3471 quod
270 3397 365 3459 initio
396 3399 521 3460 saeculi
551 3401 662 3461 octavi
691 3401 818 3461 factum
843 3416 917 3461 esse
940 3401 1071 3461 videtur
1097 3431 1134 3442 -
1160 3399 1307 3474 virgines
1330 3398 1382 3458 ali·

153 3511 235 3583 quot
273 3513 365 3572 sorte
406 3512 524 3572 ductas
557 3527 600 3572 ex
634 3513 708 3588 ipsa
741 3514 878 3574 Locride
912 3515 1014 3575 certis
1047 3513 1254 3588 temporibus
1287 3511 1385 3571 Ilium

154 3623 280 3682 missas
303 3638 386 3685 esse.

198 3735 384 3812 Quemnam
408 3735 571 3798 adfinem
594 3739 838 3801 mittebantur?

197 3850 307 3911 Habet
329 3851 528 3912 Plutarchus
552 3851 636 3912 baec
658 3852 716 3922 (De
739 3867 816 3913 sera
834 3869 928 3914 num.
948 3854 1037 3914 vind.
1057 3855 1120 3915 557
1134 3853 1190 3923 D):
1217 3851 1274 3929 „od
1291 3854 1385 3923 πολύς

153 3963 262 4042 χρόνος
286 3957 336 4040 ἀφ’
363 3955 400 4022 οῖ
425 3961 542 4042 Λοκροί
565 3961 733 4042 πέμποντες
752 3964 794 4038 τίς
815 3966 928 4045 Τροίαν
947 3964 1119 4026 πέπαυνται
1138 3964 1190 4038 τάς
1209 3962 1385 4046 παρθένους

331 4077 365 4135 αἳ
386 4074 438 4135 καί
461 4074 669 4155 ἀναμπέχονοι
691 4082 819 4156 γυμνοῖς
841 4076 948 4157 ποσίν,
969 4076 1041 4157 ἠύτε
1065 4080 1189 4157 δοῦλαι,

330 4186 415 4267 ἠοῖαι
438 4188 599 4268 σαίρεσκον
623 4191 788 4269 Ἀθηναίης
812 4190 881 4272 περὶ
904 4191 1007 4270 βωμὸν

328 4301 425 4378 νόσφι
447 4300 631 4380 κρηδέμνοιο
653 4301 705 4362 καί
728 4304 756 4364 εί
776 4304 857 4385 βαρέι
880 4313 975 4385 γῆρας
998 4305 1100 4368 ἱκάνοι

151 4413 202 4472 διὰ
224 4411 281 4489 τὴν
305 4414 436 4486 Αἴαντος
459 4412 658 4477 ἀκολασίαν”.

194 4527 369 4590 velamine
400 4530 546 4591 nudatae
575 4531 675 4590 nudis
705 4531 844 4606 pedibus
874 4547 1048 4593 servarum
1080 4533 1120 4593 ad
1150 4532 1259 4594 instar
1280 4535 1387 4608 primo

149 4654 248 4702 mane
280 4641 391 4703 solum
423 4643 548 4703 circum
578 4644 745 4704 Minervae
772 4659 864 4705 aram
885 4645 1079 4720 verrebant;
1104 4646 1153 4706 sic
1177 4646 1217 4706 ad
1240 4646 1385 4706 senectu-

147 4753 218 4813 tem
248 4756 499 4828 perveniebant.
532 4756 750 4834 Ἀναμπέγονοι
781 4756 833 4816 καί
862 4762 1078 4838 μονοχίτωνες,
1107 4761 1145 4819 ut
1168 4759 1293 4820 amicta
1315 4760 1387 4819 erat
