3525 5692
370 729 435 794 210
726 744 769 792 nr
792 742 1011 793 monnonrs
1033 743 1228 793 rnnusomn.

367 921 449 983 duce
471 924 633 997 pugnant,
657 920 760 981 luisse
782 919 956 980 Thraciam
977 921 1111 995 gentem
1130 934 1251 994 magna
1270 933 1345 979 cum
1364 918 1593 994 probabilitate

367 1036 505 1098 coniecit
526 1034 750 1096 Wilamowitz
767 1029 800 1105 ¹).

412 1149 462 1209 Ad
488 1164 671 1225 summam,
698 1148 842 1209 vidimus
864 1147 1141 1224 Eugammonem‚
1166 1150 1205 1207 ut
1226 1146 1336 1208 Ulixis
1359 1161 1464 1207 annos
1486 1149 1593 1222 poste·

364 1265 469 1326 riores
487 1263 586 1323 rebus
605 1262 710 1337 gestis
729 1261 893 1337 expleret,
911 1259 1102 1322 adhibuisse
1114 1261 1238 1321 Musaei
1249 1259 1418 1339 κατάβασιν
1430 1256 1593 1337 eleusius,

366 1394 450 1453 quae
476 1378 517 1440 ob
541 1391 659 1439 causas
681 1390 782 1452 supra
805 1375 975 1451 expositas
998 1373 1097 1449 vulgo
1121 1375 1290 1436 dicebatur
1316 1375 1503 1454 Θεστρῶτις;
1527 1373 1595 1435 (lle-

367 1494 513 1554 mentem
544 1494 655 1551 autem
685 1489 947 1550 Alexandrinum
977 1490 1103 1564 optimo
1132 1489 1205 1550 iure
1230 1490 1490 1564 Eugammonem
1513 1489 1595 1550 forti

366 1621 542 1669 accusasse
556 1599 592 1681 ²),
613 1605 679 1664 nisi
698 1604 783 1677 quod
804 1618 917 1665 vocem
941 1598 1148 1680 „bidnippov”
1170 1602 1290 1664 melius
1301 1603 1480 1666 omisisset.
1494 1603 1593 1664 Tran-

365 1735 501 1783 seamus
534 1719 635 1794 igitur
669 1719 710 1778 ad
739 1720 869 1792 partem
899 1717 1033 1777 tertiam
1049 1716 1274 1793 Telegoniae,
1305 1716 1362 1778 ubi
1385 1717 1495 1778 Ulixis
1517 1715 1595 1778 finis

362 1835 510 1909 tragicus
532 1834 697 1894 narratur.

407 1948 522 2010 Proclo
552 1950 641 2009 teste
670 1946 787 2007 Ulixes
816 1961 834 2007 e
858 1945 1056 2021 Thesprotia
1078 1946 1228 2007 Ithacam
1252 1947 1441 2008 revertitur.
1465 1947 1598 2009 Interea

362 2062 546 2137 Telegonus
580 2063 711 2137 patrem
744 2074 906 2134 quaerens
939 2060 972 2119 in
1004 2059 1150 2120 insulam
1180 2061 1342 2137 escendit,
1373 2060 1429 2120 ubi
1458 2060 1596 2123 Ulixem

362 2191 459 2252 agros
481 2191 561 2237 suos
583 2190 603 2235 a
625 2173 795 2250 populanti
818 2174 947 2234 advena
968 2173 1142 2234 defendere
1164 2177 1318 2235 conatum
1343 2175 1469 2236 inscius
1495 2176 1595 2238 inter·

361 2287 441 2350 ficit.
464 2287 604 2349 Sceleris
628 2290 740 2348 autem
765 2287 883 2348 nefarii
906 2287 1058 2348 conscius
1080 2288 1189 2349 factus
1208 2288 1315 2364 patris
1333 2289 1485 2366 cadaver,
1506 2290 1596 2351 Tele-

362 2405 535 2478 machum,
569 2401 754 2478 Penelopen
787 2417 901 2463 secum
937 2403 977 2462 ad
1013 2404 1156 2464 matrem
1188 2401 1302 2464 Circen
1333 2403 1479 2482 abducit,
1511 2420 1596 2478 quae

362 2517 571 2579 immortales
601 2532 658 2578 eos
688 2516 805 2577 reddit.
836 2516 960 2577 Deinde
991 2515 1152 2592 Penelope
1184 2516 1348 2591 Telegono
1370 2516 1478 2595 nubit,
1504 2516 1596 2580 Circe

367 2647 446 2692 vero
469 2630 677 2691 Telemacho.
854 2697 858 2704 ,

408 2747 528 2807 Statim
560 2744 714 2805 adiiciam
738 2761 755 2805 e
778 2743 906 2805 scholio
929 2744 1096 2804 llustatbii
1119 2745 1159 2805 ad
1183 2765 1206 2802 rr
1232 2745 1294 2804 118
1318 2744 1419 2806 hasce
1441 2743 1594 2807 observa·

361 2860 487 2920 tiones:
510 2854 546 2932 „d
565 2853 606 2918 δὲ
624 2857 716 2929 τοὺς
738 2857 918 2930 Νόστους
938 2856 1111 2935 ποιήσας
1131 2853 1481 2933 Κολοφώνιοςθμ)
1504 2856 1596 2937 Τηλέ-

362 2995 458 3052 μαχον
492 2969 548 3050 μέν
582 2987 658 3048 φησι
691 2969 745 3047 τὴν
779 2970 896 3051 Κίρκην
927 2970 1053 3050 ὕστερον
1083 2979 1190 3050 γῆμαι,
1222 2969 1392 3052 Τηλέγονον
1421 2968 1455 3031 δὲ
1484 2971 1537 3034 τὸν
1561 2970 1594 3038 ἐκ

364 3085 477 3164 Κίρκης
519 3083 680 3164 ἀντιγημαι
719 3083 933 3162 Πηινελόπην”,
971 3102 988 3145 e
1023 3084 1142 3160 quibus
1176 3086 1320 3148 fortasse
1354 3083 1483 3147 efficere
1516 3086 1595 3148 licet

362 3201 515 3275 coniugia
548 3199 608 3259 illa
641 3213 707 3260 non
738 3215 813 3260 esse
844 3199 1035 3274 excogitata
1065 3198 1105 3259 ab
1135 3199 1376 3277 Eugammone‚
1408 3200 1466 3260 sed
1489 3200 1594 3260 fuisse

362 3315 537 3374 inventum
564 3314 684 3388 prioris
714 3315 847 3376 aetatis.
878 3313 1020 3375 Deinde:
1053 3308 1089 3388 ,ὁ
1114 3309 1146 3372 δὲ
1169 3311 1224 3390 τὴν
1251 3310 1451 3392 Τηλεγόνειαν
1471 3311 1594 3392 γράψας

362 3430 537 3507 Κυρηναῖος
569 3426 601 3488 ἐκ
632 3425 687 3506 μὲν
718 3431 937 3504 Καλυψοῦς
972 3425 1141 3507 Τηλέγονον
1173 3426 1241 3488 υἱὸν
1264 3421 1407 3488 Ὀδυσσεῖ
1424 3425 1594 3508 ἀναγράφει

360 3537 381 3619 ἢ
407 3538 594 3620 Τηλέδαμον,
616 3539 648 3602 ἐκ
673 3538 706 3602 δὲ
731 3541 914 3619 Πηνελόπης
939 3537 1114 3620 Τηλέμαχον
1136 3538 1187 3600 καὶ
1210 3533 1469 3621 ἈρκεσίλαονΜλ.

408 3656 555 3731 „Nomen
583 3653 755 3734 Τηλέδᾱμος
779 3656 870 3731 epico
893 3670 992 3716 versu
1011 3655 1074 3716 dici
1093 3654 1221 3731 nequit,
1242 3655 1309 3715 levi
1328 3671 1429 3716 manu
1442 3657 1594 3716 mutatur

361 3767 395 3828 in
422 3766 629 3846 Tpitdoaog’ss
654 3770 702 3830 sic
725 3769 951 3830 Wilamowitz
975 3768 1020 3829 tl.
1045 3784 1076 3844 p.
1100 3769 1173 3830 183.
1194 3768 1255 3829 Sed
1275 3769 1390 3842 quidni
1411 3765 1591 3846 Τελλδᾱμος,

361 3882 446 3956 quod
478 3897 599 3943 nomen
623 3885 738 3943 exstat
761 3883 858 3943 Pauo.
882 3882 927 3958 11,
956 3884 1006 3958 16,
1032 3883 1062 3957 6,
1087 3881 1144 3942 ubi
1166 3881 1215 3943 sic
1233 3885 1370 3943 vocatur
1389 3881 1592 3944 Cassandrae

360 3994 461 4077 iilius,
483 3996 581 4056 heros
600 4011 643 4056 ex
662 3996 754 4072 epico
774 3996 916 4070 quodam
937 3995 1092 4056 carmine.
1113 3996 1242 4071 Lapsus
1256 3997 1340 4056 mihi
1352 3996 1492 4073 videtur,
1505 3997 1591 4071 quod

361 4109 545 4185 Telegonus
573 4111 618 4170 ool
646 4110 843 4171 Teledamus
873 4110 926 4170 hic
956 4112 1095 4170 vocatur
1125 4125 1190 4172 non
1223 4105 1327 4171 Circes
1349 4112 1406 4172 sed
1430 4110 1591 4188 calypsus

394 4364 413 4431 ¹)
430 4369 467 4416 l.l.
483 4382 510 4429 p.
529 4370 586 4416 18⁷.
603 4368 774 4417 Kretsohmer
791 4366 858 4416 Einl.
876 4375 904 4430 p.
923 4370 981 4417 229.

390 4455 412 4521 ²)
429 4456 486 4508 Vid.
504 4460 585 4522 Diels,
602 4460 704 4519 Tragm.
722 4458 870 4509 Vorsoorat.
889 4462 948 4519 497,
965 4463 989 4512 6.

390 4547 469 4611 ³)0r.
500 4549 635 4599 Proolnm:
668 4555 827 4609 „cardumae
853 4553 879 4599 db
905 4557 996 4607 τούτοις
1017 4554 1053 4600 τὰ
1078 4560 1133 4600 τῶν
1159 4555 1285 4600 Νόστων
1310 4557 1416 4617 βιβλία
1442 4553 1458 4601 τ’
1486 4557 1587 4614 Ἀγίου

360 4645 566 4707 Tportqvloo’t

388 4730 411 4793 ⁴)
428 4735 561 4783 hoesilae
579 4749 674 4784 nomen
692 4734 795 4785 addidit
811 4737 977 4796 Eugammou
994 4741 1025 4786 ut
1043 4738 1236 4797 Cyrenaeorum
1251 4750 1343 4797 regum
1362 4750 1445 4798 ganne
1464 4739 1591 4799 exquisite

356 4826 506 4875 honoraret.
