3525 5692
382 697 445 756 192
743 720 785 764 na
807 721 1025 767 anomoeis
1046 725 1241 771 ranaaovra.

377 884 482 945 Primi
510 890 566 962 qui
593 893 668 965 post
690 881 869 954 Pindarum
894 896 927 954 in
950 897 1057 957 literis
1080 899 1315 973 superstitibus
1337 902 1473 962 nomina
1494 900 1603 962 ambo·

376 1013 452 1059 rum
472 1002 767 1066 Orchomeniorum
787 1023 863 1068 cum
883 1023 977 1069 sacro
996 1011 1159 1085 Apollinis
1170 1014 1412 1076 coniunxerunt
1424 1017 1605 1089 hymnique

378 1129 495 1178 versus
523 1119 557 1177 in
588 1121 786 1182 memoriam
816 1127 1026 1198 revocarunt,
1052 1127 1132 1185 sunt
1154 1127 1336 1188 scholiasta
1358 1130 1603 1192 Alexandrinus

377 1229 410 1288 in
440 1230 713 1310 Aristophanem,
745 1236 863 1297 Strabo
892 1238 960 1311 (ix,
992 1239 1080 1313 421),
1112 1239 1310 1302 Plutarchus
1339 1239 1396 1320 l.l.,
1419 1246 1604 1306 Pausanias

368 1343 431 1416 (X,
468 1351 503 1424 5,
542 1352 604 1426 13),
642 1351 754 1426 Steph.
791 1353 870 1425 Byz.
906 1368 933 1412 s.
969 1368 1000 1411 v.
1034 1352 1165 1427 Δειφοί;
1197 1355 1377 1416 admodum
1408 1358 1507 1431 igitur
1536 1360 1603 1419 seri

376 1469 538 1526 auctores.

418 1579 481 1639 Sed
517 1579 609 1639 lama
638 1580 775 1640 deorum
806 1579 1064 1640 architectorum
1096 1580 1173 1640 licet
1203 1581 1362 1642 Herodoti
1389 1583 1602 1660 Platonisque

372 1692 577 1767 temporibus
596 1694 630 1752 in
648 1693 803 1754 tenebras
822 1694 1003 1755 recessisse
1022 1694 1183 1770 videatur,
1197 1695 1308 1756 iloruit
1320 1699 1397 1757 ante
1408 1696 1603 1772 Pindarum,

373 1822 437 1866 uon
478 1811 583 1866 tcmca
622 1823 680 1881 per
717 1810 814 1867 totam
848 1806 1027 1883 Praedam,
1062 1808 1119 1868 sed
1155 1808 1189 1867 in
1226 1808 1366 1869 vallibus
1394 1807 1604 1871 absconditis

373 1921 543 1995 Boeotiae,
577 1921 609 1980 in
642 1921 803 1981 Arcadiae
828 1920 900 1982 loco
923 1923 1052 1981 remoto
1076 1921 1310 1995 montibusque
1333 1925 1458 1997 saepto.
1482 1923 1606 1983 Thebis

374 2034 529 2094 exstabat
559 2034 812 2108 Amphitryonis
842 2035 963 2095 domus
995 2049 1070 2094 cum
1100 2034 1279 2094 Alcmenes
1307 2035 1471 2111 thalamo,
1502 2052 1602 2109 quem

373 2144 494 2223 ἐποίησε
531 2146 707 2226 Τροφώνιος
743 2142 792 2223 ἠδ’
831 2147 1000 2226 Ἀγαμήδης
1031 2149 1139 2218 (Paua.
1172 2147 1233 2223 IX,
1269 2150 1323 2224 11,
1351 2151 1398 2223 l);
1422 2151 1455 2210 in
1479 2150 1603 2211 vicinia

373 2262 557 2322 Mantineae
592 2261 785 2331 Ποσειδῶνός
820 2258 880 2319 ἐστι
911 2267 966 2320 τοῦ
997 2259 1106 2320 ἱππίου
1134 2259 1166 2320 τὸ
1193 2259 1286 2338 ἱερόν,
1315 2264 1401 2337 quod
1431 2263 1602 2341 Ἀγαμήδης

372 2370 509 2452 λέγονται
537 2371 588 2433 καὶ
616 2374 794 2451 Τροφώνιος
824 2382 967 2450 ποιῆσαι,
989 2373 1092 2451 δρυῶν
1115 2374 1190 2445 ξύλα
1213 2371 1408 2453 ἐργασάμενοι
1432 2373 1482 2434 καὶ
1506 2372 1602 2451 ἁρμό-

372 2505 476 2558 σαντες
510 2485 586 2565 πρὸς
621 2484 733 2563 ἄλληλα
768 2487 890 2556 (Paua,
910 2487 987 2547 VIII
994 2533 1001 2562 ,
1037 2489 1091 2562 10,
1126 2487 1174 2560 2);
1205 2488 1474 2562 antiquissimum
1497 2491 1602 2564 igitur

372 2600 562 2676 exemplum
587 2600 714 2661 delubri
738 2616 755 2660 e
779 2599 929 2660 trabibus
953 2600 1107 2674 coniecti,
1132 2601 1216 2672 quod
1240 2601 1398 2662 Hadriani
1418 2617 1496 2663 cura
1513 2618 1602 2663 novo

370 2715 494 2788 templo
536 2714 664 2789 lapideo
699 2714 941 2774 circumdatum
977 2712 1061 2772 seris
1095 2712 1239 2773 saeculis
1271 2715 1414 2788 speciem
1450 2713 1603 2790 praebuit

371 2829 620 2888 vetustissimae
643 2826 838 2887 aedificandi
861 2827 954 2889 artis.

415 2941 503 3017 Quae
538 2942 629 3001 lama
662 2940 849 3014 Trophonio
883 2939 970 2999 unde
1003 2939 1145 3014 venerit,
1182 2935 1256 3015 quis
1289 2940 1427 3013 dixerit;
1457 2941 1601 3001 fortasse

365 3054 527 3128 originem
550 3055 666 3114 duxite
688 3053 851 3128 singulari
874 3054 1044 3112 structura
1067 3053 1259 3129 speluncae,
1281 3068 1379 3128 quam
1399 3054 1480 3114 deus
1499 3053 1598 3114 Leba-

368 3167 448 3227 deae
477 3183 543 3227 non
579 3167 676 3227 modo
711 3166 890 3241 habitasse,
926 3165 983 3225 sed
1019 3164 1121 3224 etlam
1157 3167 1386 3227 construxisse
1419 3166 1598 3228 dicebatur.

365 3280 449 3340 Nam
473 3281 754 3340 subturaucarum
777 3279 974 3354 praesertim
994 3278 1153 3340 cellarum
1173 3279 1450 3340 aedificandarum
1470 3282 1599 3354 peritus

365 3408 437 3452 esse
460 3394 626 3454 ferebatur
643 3390 675 3462 ¹).
701 3394 783 3454 Utut
805 3393 837 3453 id
861 3395 913 3453 est
937 3427 977 3437 -
1003 3397 1036 3454 et
1058 3409 1145 3454 nunc
1167 3396 1304 3455 tandem
1329 3394 1369 3454 ad
1389 3395 1595 3469 propositum

365 3508 564 3567 revertimur
595 3539 637 3550 -
668 3523 789 3568 nomen
815 3501 960 3585 Ἐργίνου
990 3512 1105 3584 utpote
1133 3508 1173 3568 eb
1197 3505 1287 3585 ἔργον
1309 3509 1493 3568 derivatum
1517 3510 1599 3568 tunc

364 3620 499 3679 demum
530 3636 605 3681 cum
639 3620 825 3695 Trophonio
857 3621 1073 3681 coniunctum
1104 3625 1138 3682 et
1161 3622 1259 3682 seriei
1281 3636 1395 3696 regum
1422 3623 1599 3683 Orchome-

364 3730 493 3791 niorum
524 3731 688 3791 insertum
718 3748 792 3793 esse
823 3733 964 3809 videtur,
997 3749 1074 3793 cum
1105 3734 1312 3808 Trophonius
1343 3734 1410 3794 iam
1435 3734 1534 3809 vulgo
1560 3739 1598 3796 ut

363 3843 564 3905 architectus
595 3844 827 3905 celebraretur.
859 3846 951 3906 Tunc
981 3845 1118 3906 Daedali
1141 3861 1215 3907 cum
1242 3847 1284 3906 iis
1306 3847 1520 3908 coniunctum
1545 3852 1600 3908 eat

364 3971 499 4032 nomen,
535 3973 631 4031 quem
667 3972 766 4032 prope
801 3962 936 4019 antrum
972 3959 1143 4020 Lebadeae
1178 3962 1328 4020 statuam
1363 3962 1515 4034 posuisse
1552 3995 1593 4005 -

364 4069 490 4141 priscae
520 4070 688 4144 religionis
718 4071 955 4132 documentum
982 4105 1021 4116 -
1047 4075 1132 4147 apud
1156 4074 1357 4133 Pausaniam
1384 4073 1454 4148 (IX,
1481 4075 1538 4148 39,
1565 4076 1598 4145 8)

364 4180 516 4254 legimus.

409 4293 668 4357 observavimus
698 4298 795 4359 deum
822 4299 957 4374 hugum
981 4301 1121 4361 altorem
1135 4294 1158 4370 ²)
1182 4301 1370 4377 praeditum
1394 4300 1498 4362 luisse
1521 4306 1595 4362 arte

397 4496 416 4559 ¹)
434 4498 473 4546 Oi.
490 4500 642 4559 Dlosenros,
659 4506 711 4550 tam
731 4505 765 4551 ob
785 4508 867 4553 artem
886 4506 1043 4554 aedificandi
1060 4522 1139 4566 qnam
1156 4509 1189 4555 ob
1206 4509 1279 4556 illam
1297 4507 1468 4556 vaticinandi,

392 4584 414 4651 2)
431 4590 529 4654 τρέφειν.
551 4592 705 4641 Memoriam
725 4596 803 4643 huius
822 4594 864 4643 dei
883 4601 972 4644 servat
989 4599 1132 4646 Pausanias
1149 4600 1192 4654 IX,
1211 4601 1252 4656 40:
1272 4602 1298 4646 1:
1318 4601 1465 4647 cumcuim
1484 4601 1594 4647 Boeotia

359 4678 404 4725 din
424 4678 514 4739 pluvia
532 4684 661 4731 caruisset
678 4688 705 4731 et
720 4686 821 4732 incolae
838 4688 987 4746 Apollinem
1005 4690 1151 4737 remedium
1162 4693 1306 4749 rogarent,
1322 4689 1465 4751 προσέτοξιν
1481 4693 1493 4750 ἡ
1508 4696 1595 4738 Πυθία

361 4771 426 4833 παρὰ
445 4773 580 4835 Τροφώνιον
597 4777 619 4827 ὃς
635 4777 768 4836 Aufidianus
785 4781 898 4824 lidericus
914 4779 1026 4841 abpr'oliun
1045 4781 1110 4842 παρὰ
1128 4785 1216 4828 tantone
1233 4782 1259 4827 ud
1277 4784 1342 4839 lupa.
