3525 5692
738 736 779 781 nn
802 737 913 784 Arnon.
1397 725 1435 782 ll

212 902 305 964 illam
340 907 380 966 de
413 907 543 968 Achille
577 909 618 969 ad
648 911 913 970 recentissimam
944 911 1088 973 sormam
1117 910 1331 986 processisse.
1363 908 1440 969 Erat

213 1018 352 1091 uterque
373 1021 459 1095 apud
482 1021 666 1085 Homerum
691 1024 789 1086 heros
811 1025 1030 1100 fortissimus,
1055 1025 1113 1085 sed
1137 1025 1282 1084 humano
1305 1036 1440 1096 corpore

212 1131 382 1204 praeditus
404 1132 660 1210 vulneribusque
683 1136 845 1198 obnoxius
868 1141 906 1198 ut
928 1123 1038 1210 quivis
1057 1136 1152 1226 alius.
1172 1116 1312 1210 vigebat
1328 1136 1439 1195 autem

214 1244 414 1318 vivebatque
443 1247 477 1307 in
501 1264 557 1311 ore
580 1251 732 1326 populari
753 1251 858 1328 tama,
883 1266 947 1325 qua
971 1249 1097 1329 ἄτρωτοι
1120 1250 1330 1322 dicebantur;
1355 1264 1439 1322 quae

211 1357 304 1418 tama
332 1357 478 1422 fortasse
508 1363 669 1439 originem
701 1380 743 1426 ex
766 1365 822 1426 illo
844 1368 996 1440 tempore
1019 1365 1127 1440 duxit,
1152 1379 1216 1437 qno
1239 1363 1314 1438 plus
1336 1377 1437 1436 quam

211 1469 328 1531 heroes
351 1476 455 1533 erant.
479 1474 648 1538 Homerus
670 1493 763 1554 vero,
788 1479 844 1552 qui
867 1479 907 1539 de
931 1479 1050 1539 validis
1072 1477 1288 1539 bellatoribus
1310 1490 1376 1536 non
1400 1476 1439 1536 de

210 1578 352 1660 ἡμιθέοις
378 1591 461 1662 agit,
485 1587 539 1666 τὴν
563 1587 713 1667 σίτρσσίιιν
732 1592 974 1668 praetermisit,
995 1591 1137 1652 fortasse
1156 1591 1314 1666 nescivit,
1328 1603 1440 1663 quam-

209 1718 311 1776 quam
341 1707 412 1780 ipse
436 1705 532 1766 laude
556 1719 619 1765 sua
641 1704 681 1764 de
708 1704 845 1765 heroum
870 1704 1077 1781 fortitudine,
1104 1705 1136 1764 111
1159 1705 1339 1779 immensa,
1365 1718 1437 1763 con·

210 1819 350 1896 stantia,
385 1819 541 1879 fabellam
576 1818 767 1893 popularem
803 1817 896 1879 aluit.
932 1817 1032 1879 Venit
1064 1821 1209 1893 tempus,
1245 1816 1301 1878 ubi
1334 1816 1438 1877 serior

210 1933 308 2006 poeta
330 1931 384 2008 alp
408 1930 557 2011 ιἰιρωσίιιι
580 1932 692 2008 populi
711 1947 754 1993 ex
773 1947 829 1993 ore
848 1933 1065 2006 interceptam
1084 1932 1230 1992 carmine
1242 1931 1437 2005 celebraret,

210 2045 373 2107 Pindarus
407 2062 435 2106 e.
470 2063 500 2121 g.
532 2046 644 2107 Aiacis
673 2045 784 2120 illam;
815 2045 875 2106 sed
906 2046 974 2105 iam
1006 2045 1064 2105 3111
1094 2044 1282 2106 cecinerant
1303 2044 1438 2104 heroem

208 2157 415 2220 homericum
436 2162 579 2220 mortem
598 2159 730 2220 obiisse.
750 2159 894 2219 Necesse
913 2159 1014 2233 igitur
1034 2158 1109 2234 duit,
1132 2160 1168 2218 ut
1184 2157 1312 2218 ratione
1329 2157 1439 2231 aliqua

209 2273 286 2346 apte
315 2271 455 2332 inventa
483 2270 613 2351 ἀιρωσία
644 2287 720 2333 cum
751 2272 863 2333 herois
895 2275 1003 2332 morte
1033 2271 1294 2345 coniungeretur.
1331 2268 1437 2345 Quare
1539 2270 1542 2274 ’

208 2383 359 2446 terebant
388 2387 523 2448 heroem
554 2401 620 2447 uno
649 2385 720 2446 loco
751 2388 890 2461 excepto
920 2385 1025 2446 tuisse
1058 2381 1201 2463 ἄτρωτον,
1234 2382 1437 2456 quaerebant

210 2501 338 2574 autem,
370 2514 451 2560 num
482 2501 566 2562 torte
589 2515 632 2562 ex
654 2499 799 2561 Homero
822 2501 886 2560 hoc
907 2499 1046 2574 probare
1069 2500 1218 2574 possent.
1239 2497 1336 2558 Nullo
1359 2510 1438 2557 vero

208 2610 280 2673 loco
303 2614 389 2673 satis
411 2614 520 2674 valido
543 2615 679 2675 invento
702 2614 795 2674 varia
815 2614 1048 2689 excogitarunt
1067 2613 1235 2688 homines,
1256 2626 1332 2673 cum
1352 2609 1438 2677 alius
1511 2699 1514 2704 Ι

209 2723 313 2786 alium
343 2726 448 2788 fuisse
478 2728 588 2789 locum
618 2728 814 2803 perhiberet.
840 2727 946 2788 Simul
969 2729 1080 2788 autem
1104 2741 1210 2789 novae
1234 2722 1438 2799 effingendae

208 2841 304 2899 erant
337 2839 480 2918 tabulae,
514 2843 633 2917 quibus
667 2843 898 2918 explicaretur,
935 2856 992 2903 cur
1017 2842 1074 2903 tali
1096 2841 1167 2903 loco
1187 2841 1285 2902 heros
1307 2837 1437 2917 ἄτρωτος

206 2951 316 3014 {actus
350 2959 451 3018 esset.
487 2956 540 3017 Sic
573 2957 695 3019 fabella
730 2959 804 3017 orta
837 2959 891 3017 est
922 2956 962 3016 de
995 2956 1106 3017 Aiacis
1135 2955 1301 3032 pharetra.
1333 2954 1437 3014 Fama

205 3069 316 3127 autem
337 3068 376 3128 de
396 3068 535 3129 Achillis
558 3069 638 3146 talo,
661 3068 739 3130 licet
761 3070 869 3131 notior
893 3069 948 3146 sit,
972 3070 1080 3130 serius
1101 3072 1182 3130 nata
1204 3070 1266 3130 est.
1290 3067 1434 3128 Heroem

204 3180 342 3254 pedibus
361 3182 621 3260 velocissimum,
642 3184 697 3257 qui
720 3184 826 3244 hostis
848 3185 949 3259 pedes
973 3182 1197 3259 transfixerat,
1221 3183 1331 3257 ipsum
1354 3180 1436 3256 pede
1497 3230 1500 3235 .

208 3293 330 3356 vulnus
360 3295 479 3358 laetale
509 3298 675 3373 accepisse
706 3301 776 3360 tam
808 3297 977 3374 probabile
1004 3297 1186 3373 videbatur,
1217 3299 1256 3357 ut
1288 3295 1438 3356 auctores

207 3407 343 3469 serioris
364 3411 487 3472 aetatis
509 3412 549 3472 de
573 3411 637 3472 alio
661 3412 733 3474 loco
757 3427 798 3473 ne
821 3411 999 3486 cogitarint
1023 3411 1166 3484 quidem.

254 3519 419 3582 Homerus
450 3525 484 3584 et
513 3523 587 3585 aliis
617 3524 699 3585 locis
730 3525 844 3585 iliadis
873 3525 1062 3599 opinionem
1094 3525 1134 3584 de
1164 3524 1275 3584 Aiacis
1305 3521 1435 3603 dzpuoip

207 3633 443 3697 corroboravit.
474 3637 512 3698 In
547 3643 578 3696 A
613 3638 703 3699 enim
737 3637 911 3699 Patroclus
939 3637 1087 3714 Nestori,
1119 3653 1183 3712 quo
1206 3639 1297 3698 statu
1320 3635 1434 3697 Graeci

207 3747 391 3825 versentur,
415 3754 529 3812 narrat
552 3752 674 3813 additis
696 3752 787 3814 hisce
807 3751 918 3814 verbis
940 3756 1002 3823 (vs.
1027 3753 1091 3816 658
1115 3755 1215 3826 spol:

873 3867 904 3926 οἳ
924 3863 981 3946 γὰρ
1005 3863 1121 3946 ἄριστοι

384 3977 417 4039 έν
440 3978 550 4057 νηυσὶν
574 3977 678 4040 νέαται
699 3978 881 4058 βεβλημένοι
904 3980 1067 4059 οὐτάμενοί
1087 4001 1125 4040 τε.

384 4091 526 4171 βέβληται
549 4089 604 4172 μέν
630 4093 793 4172 Τυδεΐδης,
817 4094 957 4175 κρατερὸς
982 4093 1155 4172 Διομήδης,

386 4203 528 4266 οὔτασται
553 4200 579 4267 δ’
592 4201 736 4278 Ὀδυσεὺς
760 4204 847 4286 δουρὶ
871 4206 979 4279 κλυτὸς
1002 4203 1050 4286 ἠδ’
1078 4204 1277 4287 Ἀγαμέμνων.
1351 4219 1357 4235 ·

251 4320 315 4381 Ubi
338 4322 391 4383 hic
415 4325 468 4382 est
490 4323 599 4384 Aiax?
622 4322 685 4382 Hic
708 4321 801 4383 solus
820 4322 911 4383 nullo
935 4321 1070 4383 vulnere
1093 4322 1206 4383 laesus
1229 4354 1268 4365 -
1294 4318 1436 4381 observa

205 4433 335 4495 nullum
358 4435 392 4495 iu
414 4439 488 4498 tota
510 4436 614 4498 Iliade
638 4438 669 4499 ei
692 4437 797 4512 infligi
819 4434 1003 4496 vulnus-
1025 4436 1124 4496 hasta
1142 4439 1293 4497 armatus
1311 4435 1437 4510 ingenti

204 4547 317 4623 procul
341 4564 361 4609 3
384 4553 503 4612 ceteris
526 4568 613 4613 nnus
636 4554 726 4613 arcet
746 4552 917 4613 'troianos
941 4552 1077 4625 Βιάζειαι
1097 4553 1229 4627 quidem
1241 4550 1385 4631 βελέεσσι,
1398 4555 1434 4613 at
1486 4568 1499 4597 ν

204 4676 271 4722 non
284 4663 474 4742 τιτρώσκεται
493 4667 531 4736 (0
552 4667 645 4742 727);
667 4667 801 4727 hastam
822 4667 895 4728 eins
913 4667 992 4728 licet
1010 4670 1144 4729 truncat
1154 4668 1278 4729 Hector
1288 4670 1334 4738 (Π
1346 4669 1431 4745 117),

203 4775 275 4852 ipse
310 4778 425 4840 salvus
460 4780 584 4846 evadit.
621 4781 659 4840 In
693 4781 876 4842 certamine
912 4797 987 4842 cum
1023 4783 1164 4844 Hectore
1199 4781 1312 4843 habito
1347 4781 1433 4842 Aiax
