3525 5692
365 734 428 794 166
867 749 909 792 on
932 749 1082 794 enarrare.

406 923 550 982 Exstant
572 923 657 998 apud
680 921 933 997 lexicographos
957 922 1019 981 bae
1041 920 1188 996 glossae:

494 1035 636 1114 καρανώ·
659 1027 715 1114 τῆν
738 1029 809 1115 αἶγα
834 1039 957 1114 Κρῆτες.

494 1149 572 1223 κάρα
630 1166 636 1179 ·
661 1148 709 1221 αἲξ
733 1147 843 1226 ἥμερος
869 1149 1086 1226 Πολυρρήνιοι.

494 1264 605 1342 κάρνος
629 1280 635 1293 ·
660 1262 823 1342 πρόβατον.

495 1377 587 1455 capla
631 1375 808 1455 ’βόσκημα

494 1492 551 1569 κάρ
629 1509 634 1522 ·
658 1490 821 1571 πρόβατον.

363 1606 413 1667 Ab
442 1607 504 1666 hac
533 1606 643 1666 radice
673 1628 764 1683 nup-v
795 1606 847 1677 (cf.
872 1622 1013 1680 σαγαί-Μ
1044 1605 1077 1666 τὸ
1108 1602 1308 1686 κάρνον--ίλ
1331 1605 1459 1683 κάρνυξ,
1485 1621 1596 1666 cornu

363 1717 543 1780 Gallorum.
568 1720 675 1781 Schol.
699 1722 729 1777 Σ
752 1720 827 1789 211)
850 1719 998 1795 plerique
1016 1718 1134 1781 carnei
1152 1734 1274 1781 nomen
1293 1720 1460 1794 derivant,
1483 1733 1598 1792 neque

362 1831 466 1893 babeo
501 1833 586 1906 quod
620 1833 662 1893 iis
696 1832 864 1909 obiiciam,
898 1834 963 1894 nisi
993 1835 1080 1908 quod
1110 1834 1191 1896 illud
1221 1848 1343 1895 nomen
1366 1834 1518 1909 minime,
1548 1836 1596 1894 ut

361 1946 410 2005 illi
433 1946 595 2022 iecerunt,
619 1947 904 2021 interpretandum
928 1948 1010 2008 duco
1033 1946 1085 2007 riv
1107 1956 1167 2007 εον
1190 1947 1310 2024 νίρνων
1333 1949 1405 2008 sive
1427 1946 1595 2024 προβάτων

360 2058 447 2133 θεόν,
465 2062 523 2121 sed
544 2061 638 2121 ἀουον
660 2059 849 2137 duculum,
868 2062 1091 2123 teotoniam
1111 2063 1357 2137 cornigerorum
1373 2061 1590 2139 animalium,

359 2176 431 2233 tam
454 2173 553 2234 boum
577 2189 677 2247 quam
703 2174 900 2251 bidentium,
925 2178 1113 2250 patronum.
1142 2175 1245 2251 Quem
1268 2176 1382 2251 deum,
1405 2191 1464 2250 pro
1486 2174 1594 2249 prisci

360 2289 598 2348 consuetudine
618 2289 792 2364 temporis,
812 2304 878 2349 non
899 2289 1007 2364 specie
1024 2290 1171 2350 humana
1183 2289 1335 2349 indutum
1356 2290 1413 2349 sed
1432 2288 1597 2350 animalis

360 2401 545 2473 praeditum
566 2400 676 2461 iorma
695 2400 759 2461 eibi
775 2401 1001 2462 informabant
1021 2403 1149 2476 antiqui
1167 2403 1333 2478 homines,
1356 2418 1382 2462 e.
1396 2400 1427 2476 g'.
1447 2401 1592 2478 νρνίμορ-

361 2533 434 2587 pov,
455 2513 563 2586 qualis
586 2514 620 2574 in
644 2515 794 2574 nummis
817 2515 999 2590 adspicitur
1023 2515 1183 2590 delphicis
1203 2517 1392 2576 autonomis
1411 2517 1594 2577 arietinum

360 2624 521 2685 exhibens
552 2629 660 2701 caput.
692 2627 782 2688 Idem
815 2628 918 2702 igitur
945 2628 985 2689 ab
1009 2628 1135 2703 origine
1158 2630 1229 2688 erat
1252 2631 1352 2702 atque
1374 2624 1390 2687 ὁ
1414 2629 1596 2706 Κριοφόρος

360 2738 381 2798 i.
406 2753 434 2798 e.
459 2739 541 2799 deus
564 2740 679 2800 arietis
701 2741 837 2823 προτείνῃ
860 2743 1014 2816 ornatus,
1047 2757 1144 2815 quem
1168 2742 1293 2816 posteri
1318 2775 1356 2786 —
1382 2744 1463 2817 puta
1485 2743 1595 2804 Tana-

361 2851 450 2925 graei
465 2886 504 2894 —
525 2854 736 2928 appellabant
759 2855 954 2914 Mercurium
978 2854 1194 2930 Oriopborum
1220 2858 1253 2916 et
1276 2856 1414 2916 arietem
1439 2856 1597 2918 humeris

360 2970 549 3041 gestantem
570 2968 764 3044 sculpebant
788 2966 819 3038 1).

405 3080 491 3141 Ηίοο
524 3082 753 3158 intellegimus
787 3099 843 3144 cur
878 3084 980 3145 etiam
1015 3086 1132 3160 postea
1173 3083 1342 3146 nonnullis
1376 3085 1458 3145 locis
1492 3085 1595 3146 iuxta

359 3195 487 3255 inventi
511 3195 580 3256 sint
601 3206 654 3256 we
679 3197 831 3273 Καρνείου
856 3214 896 3258 ac
920 3207 971 3257 εοο
997 3198 1095 3271 Κρίον
1120 3198 1229 3259 cultus
1243 3191 1275 3274 ²),
1296 3213 1402 3272 neque
1422 3214 1483 3259 nos
1502 3199 1596 3273 lugit

360 3307 551 3383 Periegetae
575 3311 751 3371 verborum
774 3326 895 3371 sensus
918 3311 1054 3371 interior
1078 3327 1153 3372 cum
1174 3312 1223 3372 sic
1242 3311 1372 3372 scribit:
1395 3307 1432 3387 ,ὁ
1453 3307 1486 3370 δὲ
1506 3314 1595 3390 Καρ-

361 3441 455 3496 νειος,
488 3416 524 3480 ὃν
562 3419 688 3482 Οἰκέταν
723 3421 961 3501 ἐπονομάζουσι,
989 3423 1075 3499 τιμὰς
1107 3418 1182 3502 εἶχεν
1214 3423 1246 3483 ἐν
1276 3426 1404 3507 Σπάρτῃ
1435 3422 1486 3482 καὶ
1515 3423 1594 3500 πρὶν

356 3528 554 3612 Ἡρακλείδας
588 3540 756 3614 κατελθεῖν,
789 3536 893 3615 ἵδρυτο
929 3535 962 3596 δὲ
998 3535 1030 3596 ἐν
1065 3536 1146 3619 οἰκίᾳ
1181 3538 1279 3615 Κρίου
1315 3545 1369 3596 τοῦ
1407 3534 1596 3616 Θεοκλέους,

361 3646 473 3727 ἀνδρὸς
497 3650 650 3726 μάντεως”
674 3645 707 3721 ⁸).

426 3763 580 3825 Vidimus
602 3781 704 3839 supra
727 3765 841 3825 lunam
871 3766 905 3825 in
928 3769 1100 3840 pastorum
1125 3765 1286 3840 religione
1309 3765 1341 3826 et
1364 3764 1456 3825 cuitu
1477 3765 1593 3826 locum

360 3892 540 3952 occupasse
562 3880 775 3953 primarium;
801 3880 984 3940 conicimus
1006 3882 1119 3941 autem
1144 3877 1198 3955 τὴν
1220 3878 1419 3956 Κεραοφόρον
1439 3879 1594 3956 Σελήνην,

360 3991 453 4051 deum
476 3996 655 4069 οονονίουο,
681 4009 701 4052 a
723 3994 778 4052 deo
800 3997 929 4053 οονυαίο
952 4009 1017 4053 non
1042 4008 1115 4054 esse
1138 3993 1391 4067 seiungendam,
1418 3994 1452 4053 et
1474 4009 1594 4054 revera

359 4107 445 4181 apud
469 4107 672 4182 Andaniam,
698 4107 750 4167 ubi
775 4109 940 4192 Καρνασίῳ
961 4107 992 4167 ἐν
1013 4107 1093 4167 dica
1114 4109 1250 4168 stabant
1270 4106 1424 4186 &palpato
1437 4109 1593 4184 Καρνείου

360 4216 410 4279 καλ
439 4214 556 4298 Ἕρμου
591 4220 774 4299 κριοφόρον,
808 4225 940 4297 reperta
973 4224 1026 4282 est
1059 4222 1244 4297 inscriptio,
1280 4237 1345 4295 qua
1374 4220 1488 4282 nescio
1517 4221 1594 4295 quis

360 4337 507 4396 mactare
531 4334 662 4396 iubetur
686 4334 847 4394 liuditum
872 4335 1013 4419 Καρνείῳ
1036 4334 1166 4412 κάπρον,
1184 4329 1277 4417 Ἆγνᾷ
1301 4330 1348 4393 ὄίυ
1364 4329 1400 4404 4).

405 4448 487 4524 Quid
511 4449 586 4509 inde
610 4449 782 4522 sequitur?
805 4448 877 4509 Ηοο
899 4450 1024 4525 opinor,
1053 4445 1088 4507 τὰ
1113 4447 1247 4525 Κάρνεια
1271 4447 1374 4508 inisse
1397 4444 1504 4525 ἑορτήν
1526 4461 1593 4520 qua

396 4714 416 4775 ¹)
433 4720 510 4766 Paua.
528 4718 574 4776 IX,
592 4720 632 4777 11,
652 4722 674 4767 1.
874 4716 897 4780 ²)
914 4721 994 4767 Paua.
1010 4717 1055 4777 IV,
1074 4720 1115 4776 811,
1133 4721 1157 4766 4.

395 4807 417 4869 ⁸)
435 4813 513 4859 Paua.
529 4812 579 4866 111,
600 4813 638 4870 18,
657 4814 680 4860 u.
872 4808 894 4874 ⁴)
907 4813 991 4859 Ineor.
1010 4813 1076 4860 And.
1092 4812 1110 4858 l.
1132 4812 1172 4858 84.
