3525 5692
699 755 740 798 nn
763 754 872 798 arnon.
1338 739 1396 796 lei

167 927 277 1000 agitur
307 927 347 987 de
377 927 551 987 nominum
583 925 726 999 quodam
756 939 845 985 nexu
877 925 973 984 docte
1005 925 1252 998 amythologis
1274 925 1397 1002 efficto,

167 1039 225 1099 sed
260 1039 300 1099 de
334 1054 369 1100 re
400 1042 517 1101 sancta
547 1037 603 1098 ubi
632 1038 769 1098 nomina
798 1036 923 1096 summi
953 1037 1050 1111 pretii
1073 1036 1188 1097 haberi
1211 1038 1332 1115 solent,
1358 1041 1398 1100 de

167 1153 360 1227 Magnornm
379 1152 522 1213 Deorum
542 1152 632 1214 cultu
651 1153 686 1212 et
702 1150 870 1224 religione.
891 1151 1033 1211 Nomina
1052 1149 1194 1212 Dardani
1214 1151 1398 1212 etIasionis

166 1267 268 1325 simul
286 1267 322 1325 in
340 1265 532 1327 cabirorum
553 1265 645 1325 cultu
656 1264 881 1339 nominantur,
895 1262 996 1323 simul
1007 1264 1109 1338 igitur
1121 1264 1296 1324 tractanda
1309 1267 1398 1326 sunt.

168 1378 295 1439 Nomen
330 1377 471 1438 Iasionis
505 1356 558 1447 (zi)
593 1376 721 1436 secerni
755 1390 820 1436 non
854 1377 966 1449 potest
997 1376 1037 1436 ab
1066 1373 1169 1435 Ἴασον
1193 1372 1300 1456 Ἄρηος
1331 1348 1399 1453 (οἶδ,
1438 1380 1478 1443 tf

165 1489 366 1565 appellativo
393 1490 478 1551 satis
500 1491 580 1550 noto
603 1504 645 1550 ex
669 1505 686 1546 ο
710 1489 789 1564 244,
815 1487 871 1547 ubi
883 1488 1112 1562 Eurymachus
1132 1491 1329 1566 Penelopam
1349 1491 1398 1551 sic

168 1603 366 1678 alloquitur:

385 1717 482 1795 κούρη
508 1714 662 1793 λἰιιαρίοισ
685 1713 837 1793 περίφρον
861 1713 1071 1793 Πηνελόπεια,

281 1900 285 1905 ,
385 1830 413 1890 ελ
433 1829 545 1901 πάντες
569 1845 603 1888 σε
624 1826 743 1907 δίδοιεν
767 1822 812 1886 ἀν’
831 1825 936 1888 Ἴασον
952 1825 1061 1908 ’Ἄργος
1084 1828 1207 1908 Ἀχαιοί,
1303 1908 1306 1918 Ι

386 1949 553 2020 μνηστῆρες
575 1938 699 2012 πλέονές
722 1962 776 2000 κεν
799 1939 832 2001 ἐν
855 1938 1024 2020 ὑμετέροισι
1048 1941 1166 2018 δόμοισι

388 2053 491 2133 ἠῶθεν
514 2049 677 2131 δαινοίαδ,
701 2051 765 2113 ἐπεί
787 2053 922 2132 περίεσσι
945 2031 1102 2134 γυναικῶν
1125 2058 1189 2117 etc.

168 2197 171 2201 ·
203 2167 307 2228 Ἴασον
330 2166 439 2248 Ἀργος
470 2169 548 2242 quid
580 2169 690 2243 potest
720 2182 797 2228 esse
818 2169 887 2228 nisi
909 2167 1180 2244 Peloponnesus?
1203 2171 1397 2244 praesertim

167 2298 206 2343 ea
225 2297 313 2358 pars,
334 2297 417 2356 quae
435 2282 570 2343 Ithacae
589 2282 743 2356 proxima
757 2282 820 2342 est.
842 2281 927 2341 Loco
940 2281 1188 2355 supralaudato
1202 2285 1225 2352 (ε
1241 2284 1303 2342 125
1316 2286 1399 2355 sqq.)

166 2397 353 2471 depingitur
375 2393 453 2474 ἱερὸς
475 2395 573 2475 γάμος
596 2396 738 2455 Iasionis
762 2408 837 2454 cum
861 2393 977 2454 Cerere
1001 2397 1166 2470 peractus.
1186 2395 1268 2454 Ecce
1288 2397 1399 2455 autem

168 2511 342 2584 Olympiae
373 2508 543 2570 colebatur
573 2508 673 2570 Ceres
704 2507 875 2582 Ghamyne
906 2507 1037 2584 (χαμίνη
1069 2506 1109 2569 of.
1134 2508 1341 2568 homericum
1368 2505 1400 2566 ἐν

165 2633 236 2705 νειῷ
255 2621 405 2705 τριπόλῳ),
426 2622 617 2682 colebantur
636 2621 767 2695 Dactyli
786 2621 873 2681 inter
892 2617 1086 2693 quos'looog
1102 2620 1346 2695 (Paus.VI,21,
1363 2621 1398 2693 1;

167 2737 206 2811 V,
233 2738 286 2811 14,-
310 2737 352 2806 7).
376 2738 492 2809 Itaque
514 2737 548 2795 in
573 2736 706 2810 regione
730 2750 832 2811 prope
852 2734 893 2794 ab
912 2725 1075 2809 Psophide
1093 2734 1216 2811 posita,
1237 2733 1293 2794 ubi
1313 2734 1394 2807 vige·

166 2850 224 2909 bat
246 2849 391 2910 Dardani
413 2865 547 2925 nomen,
574 2864 673 2925 prope
697 2849 799 2908 etiam
824 2848 864 2908 ab
889 2851 984 2909 antro
1005 2847 1206 2923 Triphyliae,
1228 2847 1284 2906 uhi
1300 2848 1399 2907 natus
1490 2841 1501 2931 J

94 2980 97 2985 ·
166 2964 240 3022 erat
256 2957 440 3038 Dardanus,
456 2955 784 3042 utriusquefnomem
799 2964 869 3021 tam
881 2961 1024 3022 Iasionis
1039 2961 1120 3021 illud
1135 2976 1231 3033 quam
1243 2960 1399 3035 Dardani,

167 3089 244 3134 cum
265 3072 384 3135 cerere
407 3075 620 3136 coniunctum
649 3075 811 3136 videmus.

213 3185 295 3262 Quid
325 3202 404 3248 vero
433 3190 572 3248 annotat
593 3187 711 3248 Strabo
734 3188 791 3248 ubi
813 3188 853 3248 de
875 3190 971 3248 antro
994 3187 1183 3262 Triphyliae
1206 3199 1394 3247 sermonem

166 3299 272 3360 facit?
297 3293 421 3375 ,Ἐστῖν
444 3297 477 3359 ίν
497 3309 533 3383 τῇ
555 3299 688 3382 παραλίᾳ
711 3298 768 3359 δύο
788 3296 894 3378 ἄντρα,
911 3297 944 3359 τδ
964 3296 1019 3376 μὲν
1038 3308 1170 3375 νυμφῶν
1192 3297 1397 3377 Ἀνιγρισίδων,

166 3411 201 3472 τὸ
235 3409 268 3470 δὲ
303 3409 335 3472 ίν
369 3407 393 3496 ᾧ
423 3411 459 3472 rt
489 3412 558 3491 περί
575 3409 639 3484 ’τὰς
671 3413 856 3485 Ἀτλαντίδας
888 3410 938 3471 καί
968 3411 1024 3488 τὴν
1056 3411 1221 3488 Δαρδάνου
1252 3403 1393 3490 γίνεσιν.”

167 3526 317 3600 Respicit
333 3526 422 3587 Iovis
441 3543 517 3588 cum
537 3527 668 3588 Electra
687 3526 834 3597 Atlantis
852 3524 921 3586 fllia
942 3539 1084 3586 amores.
1100 3524 1165 3600 Qui
1185 3539 1264 3585 vero
1280 3539 1326 3584 ex
1345 3525 1398 3583 his

168 3639 338 3700 amoribus
368 3641 437 3699 nati
466 3641 587 3701 erant?
618 3640 742 3714 Nempe
765 3640 938 3700 Dardanus
957 3640 990 3698 et
1008 3639 1135 3699 Iasion!
1156 3638 1260 3698 Nemo
1283 3639 1397 3700 autem

167 3752 288 3812 melius
307 3752 432 3828 docuit,
457 3754 535 3826 quid
557 3753 598 3813 ah
621 3753 748 3828 origine
770 3752 894 3813 fuerint
917 3751 1183 3826 CabiriLemnii‚
1204 3749 1399 3823 quemfecit

168 3864 366 3938 Aeschylus.
390 3865 497 3927 Parva
514 3866 705 3939 fragmenta
723 3866 894 3943 Καβείρων,
913 3881 940 3926 e.
962 3881 992 3940 g.
1012 3865 1053 3927 ir.
1074 3863 1266 3939 soworli,
1280 3864 1399 3924 docent

165 3977 270 4038 fnisse
293 3993 350 4038 eos
373 3979 552 4040 daemones
574 3979 775 4055 fertilitatis3
800 3996 865 4053 qua
889 3981 928 4041 de
952 3996 987 4041 re
1006 3981 1133 4055 optime
1158 3980 1226 4054 egit
1245 3979 1399 4039 Fredrich

165 4091 307 4160 (Nitteil.
341 4092 439 4152 Arch.
476 4091 559 4156 Inst.
591 4085 763 4152 ΧΧΧΙῘν2
792 4109 823 4168 p.
857 4095 916 4154 77:
945 4094 1149 4169 „Aeschylos
1174 4093 1254 4153 liess
1277 4092 1326 4153 sie
1349 4091 1400 4152 als

167 4203 371 4265 freundliche
403 4204 514 4266 Gaben
546 4206 603 4266 der
629 4206 711 4267 Erde
734 4207 923 4281 spendende
947 4207 1117 4268 Damonen
1140 4207 1324 4286 austreten;
1348 4205 1400 4264 die

166 4319 313 4378 Lemnos
342 4319 425 4389 (dea)
455 4320 539 4380 wird
569 4320 664 4381 dabei
691 4335 750 4380 zur
769 4322 920 4398 Kabeiro,
945 4322 1009 4382 wie
1031 4321 1187 4381 Demeter
1210 4321 1243 4380 in
1267 4318 1400 4379 Theben

165 4446 229 4491 nur
258 4430 422 4493 Kabeiria.
454 4431 522 4492 Das
552 4432 851 4511 Geborenwerden,
883 4434 1089 4519 Altwerdep,
1121 4431 1259 4494 sterben
1286 4432 1320 4491 in
1344 4431 1402 4491 dor

167 4545 273 4604 Natur
303 4546 410 4606 haben
440 4549 677 4621 naturgemaes
711 4547 777 4608 alle
807 4543 1029 4608 Naturvelker
1060 4548 1119 4607 aui
1140 4546 1191 4606 die
1214 4544 1403 4610 Universal-

166 4660 289 4730 p'otena
301 4658 380 4719 oder
393 4659 446 4720 die
459 4659 842 4734 Vegetationsdamonen
854 4661 1062 4736 ubertragen.
1075 4659 1149 4721 Wle
1161 4660 1218 4720 der
1227 4658 1403 4723 Kretische

167 4770 255 4830 Zeus
278 4770 330 4841 (ci.
355 4771 477 4851 Κρήτης
501 4771 534 4842 ἐν
557 4772 642 4831 αλονε
667 4771 753 4857 δήμῳ
778 4774 864 4848 apud
889 4774 1093 4866 Hesiodum),
1118 4789 1156 4834 so
1176 4773 1226 4834 istv
1241 4771 1412 4844 Dionysos,
