3525 5692
675 729 718 782 or
739 730 851 784 Andr.
1332 716 1379 793 6?-

147 902 252 976 igitur
270 905 423 967 sacerdos
445 905 659 980 Apollonides
677 908 848 982 perhibere
871 911 1014 987 poterat,
1040 911 1125 984 quod
1149 911 1189 975 de
1211 927 1248 974 se
1270 912 1376 986 porhi-

150 1019 221 1080 buit
244 1019 447 1082 Hecataeus:
477 1035 638 1094 proavum
661 1036 760 1081 suum
784 1022 952 1083 decimum
975 1026 1110 1086 sextum
1136 1024 1241 1085 fuisse
1267 1025 1375 1086 deum.

150 1132 259 1193 Heros
282 1149 360 1194 vero
382 1133 468 1194 unde
491 1148 596 1208 genus
619 1134 782 1196 ducebant
804 1136 995 1197 sacerdotes
1018 1139 1090 1197 erat
1113 1137 1258 1200 Telamo.

196 1244 336 1307 condita
358 1248 410 1307 est
431 1246 687 1308 Halicarnassus
707 1247 938 1309 a'lroezeniis.
956 1231 1077 1310 Exstat
1095 1253 1243 1312 stemma
1260 1268 1375 1329 regum

149 1360 406 1422 Troezeniorum
437 1361 523 1436 apud
552 1361 753 1422 Pausaniam
782 1361 826 1432 (ΙΙ
849 1363 917 1438 30),
943 1362 999 1422 ubi
1020 1363 1162 1438 legimus
1184 1368 1260 1440 post
1281 1382 1376 1442 reges

150 1477 319 1552 mythicos
354 1510 395 1520 -
430 1475 546 1550 quales
580 1478 675 1537 erant
710 1475 807 1552 Orus,
843 1475 1021 1554 Althepus,
1058 1479 1138 1540 Saro
1170 1513 1210 1524 -
1241 1482 1375 1541 tandem

150 1590 283 1651 vennae
306 1590 507 1665 Hyperetem
529 1592 563 1650 et
586 1589 743 1650 Antham.
767 1589 953 1665 Utrumque
971 1605 1095 1652 nomen
1113 1592 1148 1652 in
1166 1594 1374 1655 sacerdotum

147 1706 328 1765 stemmate
351 1703 487 1765 obvium
510 1703 558 1764 fit.
582 1704 732 1780 Hyperes
750 1705 795 1764 ibi
814 1704 1004 1766 Telamonis
1021 1704 1225 1785 auditfilius,
1245 1706 1376 1769 Anthas

149 1818 318 1893 Alcyonei.
402 1859 404 1864 ,

194 1930 354 1992 observat
374 1931 555 1993 Pausanias
575 1932 615 1993 de
638 1933 806 2009 Hyperete
829 1937 863 1995 et
885 1934 924 1995 de
944 1935 1072 1997 Antha:
1098 1935 1242 2012 ,τούτους
1256 1930 1377 1997 δὲείοαι

151 2045 343 2116 Ποσειδῶνος
374 2042 425 2104 καί
455 2045 615 2124 Ἀλκυόνης
638 2043 798 2118 ’Ἀτλαντος
829 2046 982 2128 θυγατρὸς
1004 2046 1055 2108 καλ
1084 2049 1186 2122 πόλεις
1208 2048 1320 2122 αὐτοὺς
1343 2049 1376 2111 ἐν

148 2167 184 2240 τῇ
215 2157 295 2240 χώρα
326 2155 419 2234 φασίν
437 2153 592 2236 Ὑπέρειάν
614 2180 644 2218 τε
666 2157 717 2218 καλ
733 2157 881 2220 ’Ἀνθειαν
905 2159 1026 2220 οἰκίσαι·
1050 2159 1158 2222 Ἀέτιον
1182 2158 1216 2222 δὲ
1238 2161 1290 2224 τὸν
1306 2161 1376 2222 ’Ἀν-

148 2277 194 2330 θα
215 2279 268 2331 τοῦ
291 2269 401 2351 πατρὸς
425 2269 475 2330 καλ
499 2280 553 2331 τοῦ
575 2271 665 2332 θείου
688 2273 903 2353 παραλαβόντα
925 2271 981 2350 τὴν
1000 2271 1095 2354 ἀρχὴν
1118 2273 1172 2352 τὴν
1194 2273 1297 2357 ἓτὲραν
1317 2286 1375 2336 τῶν

148 2382 265 2444 ττόλεων
293 2384 523 2444 Ποσειδωνιάδα
546 2381 728 2463 όνομοίσαι”.

192 2499 291 2560 Deest
326 2499 359 2558 in
383 2499 593 2559 sacerdotum
618 2502 800 2560 stemmate
823 2515 944 2561 nomen
969 2501 1058 2562 Aetii
1081 2503 1213 2565 Anthae
1235 2502 1295 2564 filii
1318 2505 1375 2565 sed

147 2611 345 2672 Posidonius
368 2612 473 2672 adest.
497 2613 601 2674 Adest
624 2627 752 2687 quoque
774 2613 981 2692 Alcyoneus,
1007 2616 1101 2678 cuius
1119 2631 1241 2678 nomen
1261 2617 1374 2692 Alcyo-

147 2740 213 2785 nen
236 2741 256 2785 a
277 2725 444 2787 Pausania
466 2728 688 2787 memoratam
711 2728 746 2787 in
768 2728 969 2789 memoriam
992 2732 1129 2791 revocat
1151 2733 1314 2793 nostram.

191 2839 252 2915 Qui
285 2856 364 2902 vero
398 2840 532 2902 saeculo
567 2855 653 2926 nono
682 2841 846 2902 coloniam
877 2842 1153 2905 Halicarnassum
1184 2846 1374 2907 duxerunt?

148 2953 218 3013 Viri
247 2953 407 3014 nimirum
438 2954 478 3015 ab
508 2955 604 3016 Aetio
634 2955 767 3017 Anthae
796 2953 863 3016 filio
895 2957 1056 3032 originem
1078 2973 1176 3019 suam
1199 2960 1375 3022 ducentes:

150 3063 202 3140 „tr
240 3067 404 3145 Τροιζῆνος
439 3064 591 3138 σταλέντες
626 3067 842 3146 Ἁλικαρνασὸν
877 3067 910 3128 ἐν
944 3079 980 3153 τῇ
1015 3070 1115 3154 Καρίᾳ
1149 3069 1308 3155 ἀπῴκισαν
1339 3072 1378 3133 σί

147 3180 353 3259 γεγονότες
378 3174 434 3239 ἀτί
460 3180 607 3241 Ἀετίου
630 3179 866 3241 τοῦ’Ἁνθα”.

192 3293 300 3356 (treati
331 3295 432 3370 igitur
462 3311 480 3356 e
514 3295 674 3370 sanguine
705 3297 794 3372 regio
831 3296 1071 3374 Halicarnassi,
1105 3299 1162 3360 ubi
1190 3301 1374 3361 sacerdotio

146 3407 378 3484 fungebantur,
405 3409 541 3469 nomina
561 3424 622 3469 sua
644 3410 736 3485 regia
758 3413 946 3471 servarunt.
971 3411 1155 3473 Pausaniae
1179 3414 1289 3474 verbis
1312 3413 1374 3474 col·

145 3522 225 3582 latis
255 3522 431 3583 credideris
462 3522 523 3582 hos
553 3523 744 3584 sacerdotes
774 3537 831 3598 per
861 3524 1007 3584 Antbam
1039 3525 1158 3586 statim
1182 3543 1202 3587 a
1224 3528 1377 3603 Neptuno

144 3635 284 3710 stirpem
303 3635 452 3710 duxisse;
473 3637 665 3696 invenimus
684 3639 795 3697 autem
816 3637 850 3697 in
863 3651 977 3698 eorum
991 3639 1076 3700 serie
1087 3640 1174 3699 inter
1186 3641 1376 3715 Neptunum

146 3751 180 3809 et
203 3749 351 3810 Antham
374 3750 438 3810 duo
461 3749 527 3810 alia
549 3743 686 3811 nomina
708 3751 845 3812 inserta.
871 3753 955 3812 Sunt
973 3752 1161 3827 Alcyoneus
1184 3753 1224 3815 ab
1244 3755 1377 3816 Anibae

147 3865 255 3923 matre
277 3864 470 3923 nominatus
492 3866 526 3924 et
549 3862 694 3941 Telamo,
720 3880 817 3939 quem
848 3866 974 3926 frustra
997 3867 1029 3926 in
1055 3882 1170 3942 regum
1187 3867 1377 3929 Troezenio-

146 3990 220 4036 rum
256 3977 446 4049 quaerimus
480 3978 576 4038 serie.
609 3977 698 4052 Quod
730 3979 804 4052 plus
835 3981 900 4054 est,
932 3995 974 4040 ne
1002 3980 1035 4040 in
1058 3980 1117 4040 illa
1139 3981 1273 4054 quidem
1298 3981 1377 4043 urbe

145 4089 232 4149 unde
255 4089 383 4149 oriundi
407 4092 485 4150 sunt
508 4090 691 4167 Troezenii,
717 4091 950 4152 Anthedonem
974 4093 1091 4154 urbem
1113 4095 1270 4155 Boeotiae
1289 4094 1377 4155 volu·

146 4217 235 4277 mus,
271 4193 384 4262 ullum
412 4203 602 4264 Telamonis
632 4205 741 4280 detegi
772 4207 884 4280 potest
914 4207 1109 4288 vestigium,
1133 4207 1211 4269 licet
1233 4208 1299 4269 alia
1321 4223 1379 4269 no.

145 4316 237 4375 mina
265 4315 311 4374 ibi
335 4313 473 4394 ἐγχώρια,
505 4321 587 4392 puta
603 4311 733 4396 Ὑριεύς,
758 4319 791 4378 in
816 4319 1025 4379 sacerdotum
1051 4321 1135 4381 serie
1159 4322 1378 4396 reperiantur·

144 4427 239 4488 Unde
260 4428 312 4490 hic
335 4429 472 4490 Telamo
494 4431 529 4490 in
553 4431 615 4491 hoc
636 4433 783 4492 stemma
806 4432 951 4507 irrepere
974 4434 1106 4508 potuit?

189 4540 339 4602 Primum
361 4529 533 4621 rogemus,
559 4545 632 4619 quis
655 4545 828 4620 Neptunus
848 4545 905 4605 ille
928 4545 1040 4622 fuerit,
1066 4562 1164 4621 quern
1187 4548 1258 4607 tarn
1282 4548 1379 4608 Troe·

143 4653 229 4713 zenii
264 4669 363 4728 quarn
399 4655 714 4718 Halicarnassenses
756 4657 917 4718 coluerint
950 4659 1243 4734 sacerdotibusque
1277 4661 1379 4735 regiis

143 4780 241 4827 curae
271 4782 345 4829 esse
376 4769 545 4830 iusserint.
570 4769 766 4846 Appellatur
791 4770 825 4831 in
849 4771 1030 4832 stemmate
1053 4775 1169 4834 nostro
1193 4769 1379 4850 δ’Ίσυμιος,
