3525 5692
692 727 734 770 nr
757 725 868 771 ursos.
1349 709 1391 768 89

166 897 407 971 superbiorem,
439 893 473 954 zi
503 904 556 971 τῆς
585 895 707 974 γνώμης
730 892 850 972 ἕτοιμον
873 898 895 956 i.
919 912 946 958 e.
972 898 1121 957 animum
1146 896 1202 971 qui
1226 895 1339 955 cedere
1362 897 1396 953 et

167 1011 257 1072 flecti
285 1010 422 1071 nesciat.
455 1008 548 1069 'Palla
570 1009 602 1069 in
627 1009 725 1070 Aiace
752 1009 876 1070 maiore
899 1025 1027 1084 quoque
1051 1010 1220 1071 observari
1244 1011 1394 1084 possunt.

170 1123 299 1197 ,sones
321 1122 407 1182 unde
429 1121 532 1195 geniti
556 1122 707 1182 essentl”

405 1698 483 1765 XV.
507 1698 559 1765 lle
581 1697 705 1764 tabula
727 1696 877 1779 quadam
900 1697 1155 1766 Philostrutea.

209 1915 298 1991 Quae
332 1929 434 1989 supra
468 1912 507 1973 de
542 1913 655 1972 Aiacis
684 1911 793 1972 forma
823 1914 857 1972 et
886 1914 1008 1972 natura
1031 1912 1263 1972 vetustissima
1286 1912 1394 1972 obser·

163 2029 320 2089 vavimus
350 2026 554 2087 corroborari
584 2027 724 2099 possunt
755 2025 1001 2086 narrationibus
1030 2025 1228 2098 quibusdam
1255 2025 1296 2085 ad
1322 2025 1393 2085 eius

163 2142 321 2215 exequias
350 2138 606 2215 pertinentibus,
630 2152 770 2211 quarum
794 2138 1000 2200 mentionem
1023 2137 1150 2199 iaciunt
1170 2137 1393 2199 Philostratus

165 2257 199 2314 et
221 2253 371 2314 Taetaes.

207 2368 279 2427 Iam
308 2381 409 2441 supra
440 2365 544 2426 obiter
575 2379 644 2425 rem
685 2364 871 2439 tetigimus,
905 2380 991 2426 nunc
1031 2381 1107 2426 vero
1138 2366 1247 2426 fusius
1281 2366 1321 2426 de
1352 2381 1390 2426 ea

164 2479 328 2554 agendum
353 2479 415 2539 est.

207 2591 303 2667 Apud
333 2590 573 2652 Philostratum
601 2590 745 2664 legimus
768 2589 909 2660 (Heroio.
935 2591 1027 2661 toti:
1055 2592 1230 2668 ,habuisse
1253 2593 1390 2653 Aiacem

162 2706 376 2766 mansuetum
408 2704 585 2764 draconem
619 2702 762 2776 quinque
793 2702 923 2763 cubitos
946 2703 1099 2781 longum,
1131 2705 1187 2777 qui
1218 2719 1284 2765 una
1313 2719 1388 2765 cum

159 2821 232 2894 ipso
267 2817 377 2878 bibere
411 2817 548 2892 soleret,
584 2831 715 2891 semper
745 2817 779 2876 in
810 2817 883 2876 eius
913 2819 1104 2892 praesentia
1132 2819 1237 2894 esset,
1272 2819 1305 2877 in
1336 2818 1390 2878 via

159 2948 236 2994 eum
259 2932 403 3006 praeiret
426 2930 479 2990 vel
502 2931 594 2990 oanis
617 2930 657 2990 ad
682 2930 788 2990 instar
810 2944 888 2992 eum
912 2932 1138 3004 sequeretur.’'
1163 2931 1332 3005 Sequitur:

206 3047 361 3122 ,Aiacem
385 3043 608 3105 Cassandram
631 3044 764 3117 quidem
781 3044 966 3119 abripuisse
984 3044 1183 3105 aMinervae
1195 3044 1387 3118 simulacro,

157 3161 211 3222 cui
234 3158 425 3234 supplicans
450 3157 541 3232 virgo
565 3157 753 3217 inhaereret
776 3158 834 3218 sed
865 3173 930 3218 non
955 3157 1098 3218 violasse
1120 3158 1293 3218 iniuriisve
1313 3157 1387 3218 affe·

159 3274 257 3348 cisse,
290 3271 376 3344 quod
405 3269 539 3331 tabulae
562 3270 602 3330 de
626 3284 664 3331 eo
688 3271 822 3332 mentiri
845 3271 985 3331 soleant.
1010 3271 1118 3331 Immo
1142 3271 1302 3332 intactam
1327 3272 1387 3333 vir·

158 3388 272 3461 ginem
292 3384 332 3444 ad
352 3384 532 3445 tentorium
553 3398 651 3444 suum
671 3383 862 3444 abduxisse.
883 3384 1173 3458 Agamemnonem
1194 3387 1318 3460 contra,
1336 3384 1391 3444 ubi

156 3497 389 3573 conspexisset
404 3494 640 3572 cassandram,
654 3511 739 3569 quae
751 3499 822 3557 tam
836 3498 1013 3556 venustate
1034 3509 1133 3569 quarn
1146 3497 1273 3557 artibus
1286 3498 1388 3558 excel-

156 3610 255 3684 leret,
288 3609 465 3670 confestim
496 3624 610 3670 amore
641 3611 775 3684 captum
808 3609 970 3683 virginem
1001 3609 1093 3669 Aiaci
1115 3609 1285 3683 eripuisse.
1311 3609 1390 3670 Orta

157 3723 275 3784 deinde
304 3724 338 3782 in
369 3724 509 3798 praedae
532 3724 710 3798 partitione
734 3723 961 3783 controversia
985 3723 1117 3782 Aiacem
1142 3722 1392 3797 postulassent

157 3835 221 3896 sibi
255 3837 448 3897 redderetur
482 3852 582 3910 quam
617 3836 775 3912 cepisset,
811 3836 868 3896 sed
904 3838 1191 3910 Agamemnonem
1226 3838 1387 3913 noluisse,

156 3951 304 4025 quinimo
335 3952 471 4013 Aiacem
502 3951 731 4027 insimulasse,
764 3953 850 4026 quod
887 3952 920 4012 in
955 3952 1121 4012 Minervae
1145 3952 1224 4013 aede
1255 3954 1387 4028 captam

155 4066 354 4138 stuprasset.
379 4063 584 4124 subornatos
607 4079 735 4138 quoque
759 4081 833 4126 esse
853 4064 893 4125 ab
913 4065 1179 4142 Agamemnone,
1201 4067 1257 4140 qui
1278 4066 1386 4127 buius·

155 4177 247 4238 modi
281 4178 316 4237 in
350 4176 549 4238 Graecorum
585 4179 705 4238 castris
742 4178 968 4253 dispergerent
1001 4194 1189 4241 sermones:
1226 4181 1390 4242 horrenda

155 4289 271 4350 omnia
290 4291 386 4352 deam
407 4293 448 4353 ob
468 4291 576 4352 scelus
595 4292 716 4352 iratam
735 4293 945 4369 portendere,
958 4294 1157 4370 exereitum,
1176 4295 1240 4354 nisi
1253 4295 1386 4355 Aiacem

155 4404 319 4480 perderet,
346 4420 425 4465 mox
449 4406 559 4479 ipsum
583 4405 779 4479 periturum.

197 4516 289 4577 Tunc
324 4517 408 4578 Oilei
443 4515 548 4578 fllium
583 4518 809 4593 recordatum,
841 4521 1006 4592 quomodo
1041 4521 1126 4582 alter
1160 4522 1247 4582 Aiax
1277 4523 1387 4596 iniquo

152 4630 273 4691 iudicio
308 4631 477 4707 periisset,
509 4632 709 4706 sapientiam
739 4634 853 4693 autem
885 4633 1054 4694 Palamedi
1085 4651 1294 4709 nequaquam
1317 4652 1387 4711 pro-

151 4742 266 4818 fuisse,
287 4759 362 4804 cum
381 4744 545 4819 lapidibus
565 4743 704 4805 obrutus
724 4746 890 4822 interiret,
914 4749 1014 4808 noctu
1034 4764 1135 4823 parvo
1148 4750 1280 4825 navigio
1294 4751 1385 4820 coelo
