3525 5692
676 777 718 826 nn
741 775 852 827 Arnon.
1337 762 1379 830 33

155 953 289 1028 habuit;
309 955 456 1026 quinimo
476 953 652 1015 infeliciter
673 955 775 1017 ierea
792 957 891 1031 poeta
911 958 1065 1016 vocatam
1084 971 1159 1018 eam
1179 972 1253 1018 esse
1265 958 1382 1019 Miner-

153 1085 230 1130 vam
261 1070 397 1146 dixeris
425 1085 505 1131 nam
529 1071 558 1130 si
582 1071 709 1145 aptiore
734 1071 868 1131 nomine
893 1086 935 1130 ex
959 1069 1123 1146 Olympiis
1141 1071 1246 1146 petito
1266 1071 1381 1134 Troiae

154 1184 250 1244 deam
270 1183 447 1245 tutelarem
464 1184 632 1260 appellare
651 1185 828 1262 voluisset,
848 1200 1031 1259 quamnam
1044 1185 1141 1248 deam
1153 1186 1274 1246 melius
1286 1187 1382 1248 iuxta

155 1297 343 1374 Apollinem
367 1299 400 1358 in
424 1313 498 1359 arce
521 1299 689 1373 posuisset
713 1314 812 1372 quam
831 1299 983 1360 Dianam.
1005 1298 1095 1373 Quod
1113 1315 1229 1361 revera
1247 1304 1381 1376 poetam

155 1428 221 1473 non
244 1412 343 1489 fugit,
368 1427 448 1473 nam
471 1413 526 1473 ubi
550 1413 670 1488 Apollo
693 1415 842 1474 Aeneam

670 1524 843 1608 ἀπάτερθεν
866 1523 974 1605 ὁμίλου
995 1521 1105 1605 ’θῆκεν

248 1639 398 1725 Περγάμῳ
422 1637 454 1701 ἐν
478 1639 557 1724 scopi,
578 1639 632 1701 ὅθι
654 1644 707 1703 foc
731 1646 809 1713 (non
832 1642 1012 1711 Minervae)
1036 1640 1109 1719 νηός
1130 1635 1155 1721 γ’
1180 1638 1327 1722 ἐτέτυκτο,

247 1746 267 1834 ἦ
290 1777 336 1815 τοι
359 1754 411 1816 τὸν
435 1755 527 1833 Λητώ
550 1777 580 1816 τε
603 1753 656 1816 καί
670 1753 807 1836 ’Ἀρτεμις
831 1752 966 1835 ἰοχέαιρα

248 1866 281 1928 ίν
303 1868 420 1954 μεγάλῳ
443 1866 544 1954 άδάτῳ
568 1865 693 1930 άκέοντό
717 1891 747 1930 τε
766 1864 931 1932 ’κύδαινόν
953 1890 992 1929 τε.
1015 1871 1056 1941 (Ε
1078 1872 1144 1931 446
1167 1877 1260 1946 δαίμ).

200 1983 261 2044 Illa
295 1986 407 2044 autem
443 1984 519 2060 dea,
554 1984 606 2044 cui
641 1984 761 2045 Aiaces
789 1984 919 2045 invisos
947 1984 1052 2044 luisse
1082 1984 1220 2062 dixeris,
1245 1986 1384 2048 minime

155 2100 227 2158 erat
256 2097 410 2172 Pergami
439 2100 594 2178 patrona,
623 2084 852 2173 sed‘ipsorum
877 2097 1076 2157 Graecorum
1101 2097 1263 2176 defensor,
1287 2099 1384 2180 κούρη

158 2210 230 2284 Διὸς
254 2210 412 2293 αἰγιόχοιο.
436 2213 507 2273 Non
532 2206 551 2290 ἡ
576 2210 749 2291 ῥυσίπτολις
773 2213 831 2273 sed
854 2205 873 2288 ἡ
898 2210 1134 2289 Ἀλαλκομενηί.

200 2329 245 2388 At
267 2328 335 2389 fors
358 2328 436 2388 tulit
459 2331 497 2389 ut
519 2321 539 2404 ἡ
559 2326 734 2407 ρυσίιτιολις.
750 2343 878 2402 quoque
899 2328 1074 2388 vocaretur
1091 2330 1216 2403 Ἀθηνᾶ,
1237 2327 1385 2400 quinimo

158 2439 281 2513 Παλλὰς
312 2440 437 2518 Ἀθήνη.
469 2442 523 2503 Sic
552 2465 572 2501 α
596 2444 660 2503 326
685 2458 768 2519 sqq,
792 2443 848 2503 ubi
873 2443 995 2503 iterum
1019 2442 1069 2503 ira
1091 2444 1299 2504 memoratur
1321 2457 1386 2516 qua

156 2556 217 2616 dea
240 2555 329 2616 victa
350 2555 493 2617 victores
516 2556 678 2617 abeuntes
701 2557 887 2633 lacessivit,
913 2556 1003 2616 hisce
1027 2555 1138 2616 verbis
1156 2555 1260 2616 utitur
1271 2559 1385 2631 poeta:

580 2665 597 2730 δ
620 2663 648 2730 δ’
675 2670 855 2741 (Phemius)
878 2675 1002 2748 Ἀχαιῶν
1025 2667 1135 2728 νόστον
1158 2665 1241 2728 δίοιδε

337 2782 458 2864 λυγρὸν,
484 2777 521 2844 tv
545 2780 576 2843 ἐκ
603 2781 714 2863 Τροίης
738 2780 905 2868 ἐπετείλατο
928 2779 1052 2855 Παλλάς
1073 2781 1198 2860 Ἀθήνη.

203 2899 293 2959 Haec
315 2897 515 2973 peculiarem
536 2912 673 2959 causam
691 2912 758 2958 non
777 2897 934 2973 habebat,
955 2913 1013 2958 cur
1032 2897 1267 2958 vehementius
1285 2913 1385 2972 quam

159 3013 194 3071 in
229 3014 357 3073 ceteros
387 3011 539 3073 Achaeos
574 3011 719 3073 saeviret
753 3011 786 3071 in
821 3011 969 3072 Aiacem.
1004 3011 1091 3072 Audi
1124 3011 1224 3072 modo
1253 3014 1386 3087 poetam

158 3126 177 3186 l
201 3128 265 3187 502
289 3143 376 3202 sqq:
404 3115 580 3204 „mortem
606 3142 671 3201 qua
690 3128 741 3187 tot
760 3126 855 3188 milia
874 3127 909 3187 in
926 3126 1016 3186 mari¹
1030 3125 1189 3202 perirent,
1211 3125 1386 3200 effugisset

158 3241 271 3318 heroo,
295 3241 360 3303 nisi
384 3243 595 3303 contumacia
617 3257 679 3302 sua
700 3241 787 3302 iram
809 3242 963 3317 Neptuno
981 3239 1163 3301 movisset:

337 3353 388 3416 καὶ
412 3355 449 3417 νά
472 3377 525 3416 κεν
549 3353 663 3435 ἔκφυγε
686 3363 765 3434 κῆρα

223 3521 226 3527 .
338 3468 365 3529 εί
386 3467 427 3547 μὴ
450 3466 640 3549 ὑπερφίαλον
662 3465 759 3539 άέιτος
783 3465 891 3547 ἔκβαλε
912 3463 965 3526 καί
987 3460 1047 3545 μέγ’
1074 3463 1187 3543 ἀάσθη·

335 3578 392 3662 ’φῆ
416 3578 447 3664 ῥ’
471 3580 598 3662 &itaqu
620 3587 703 3644 θεῶν
732 3578 868 3663 φαγέμεν
892 3578 967 3660 μίγα
989 3582 1098 3656 λαῖτμα
1122 3578 1288 3657 θαλάσσης.

338 3706 391 3759 τοῦ
415 3693 448 3758 δὲ
471 3697 652 3760 Ποσειδάων
676 3691 775 3778 μεγάλ’
801 3694 907 3756 ἔκλαεν
931 3692 1131 3771 αὐδήσαντος·

338 3806 431 3873 αὐτίκ’
458 3810 559 3872 ἔπειτα
581 3812 722 3892 τρίαιναν
745 3807 821 3871 ἓλάν
844 3832 871 3869 κ.
895 3832 920 3869 τ.
942 3811 990 3868 λ.”

203 3925 533 4002 OumveroPergami
543 3925 774 4003 deatutelaris,
784 3926 933 3986 Minerva
942 3922 1388 4000 appellataapoeterioribus

158 4036 1389 4116 poetisprounaeademquenaoeroturacMinervailla,quaeaeraecorum

158 4154 308 4230 partibus
327 4155 446 4231 staret,
460 4155 543 4230 'post
561 4169 611 4215 vs.
635 4153 718 4215 5020
730 4153 805 4214 addi
817 4154 950 4228 poterat
962 4147 1013 4210 καὶ
1025 4147 1188 4229 ἐχθόμενός
1200 4140 1255 4230 κερ
1266 4149 1389 4233 Ἀθήνη.

206 4269 294 4344 Quae
324 4268 426 4329 verba
452 4269 592 4329 minime
616 4269 771 4344 spectant
794 4267 905 4328 scelus
928 4265 968 4326 ab
992 4265 1092 4326 Aiace
1115 4264 1297 4325 secundum
1319 4279 1390 4340 pos·

158 4383 250 4443 teros
276 4383 309 4442 in
334 4377 556 4443 Cassandram
580 4382 811 4443 commissum.
838 4380 927 4456 Quod
951 4381 980 4441 si
1003 4379 1077 4453 quis
1099 4380 1213 4454 negat,
1236 4378 1391 4454 inspiciat

159 4496 259 4558 modo
280 4497 308 4554 Ε
334 4497 395 4556 107
422 4511 514 4570 sqq:

611 4607 723 4694 δεκάτῳ
748 4603 781 4668 δὲ
803 4605 892 4668 πόλιν
914 4604 1078 4688 πέρσαντες
1101 4603 1215 4686 ἔβησαν

336 4717 471 4784 άοίκαδ·
494 4719 569 4802 άτδιρ
594 4719 627 4782 ἐν
649 4721 747 4807 νόστῳ
771 4721 938 4800 Ἀθηναίην
960 4717 1113 4798 άλίτοντο,

342 4837 358 4859 Η

338 4862 357 4915 η
382 4853 457 4915 σῳιν
479 4832 588 4918 ἕπῶρά
616 4833 730 4915 άνεμόν
752 4857 783 4896 τε
805 4834 901 4896 κακὸν
924 4832 976 4895 καλ
998 4835 1117 4914 κύματα
1140 4835 1249 4916 μακρά.

216 4944 360 4989 Varnenum.
1294 4943 1308 4985 8
