3525 5692
618 703 661 749 ns
682 703 907 750 mzonrsns.
1312 688 1375 748 145

136 873 232 933 aries
250 874 491 936 immolaretur.
511 875 632 937 Fuerat
650 879 763 937 autem
782 875 948 939 Gonnidas
966 876 1022 936 ille
1033 875 1288 936 Troezeniorum
1303 872 1377 946 θεὸς

138 986 287 1064 χθόνιος,
308 991 346 1048 ut
368 989 487 1050 docent
509 989 707 1051 Plutarchus
724 986 746 1061 1)
770 992 805 1051 et
826 990 1014 1065 Hesychius
1036 991 1057 1051 i.
1082 1006 1114 1052 v.
1139 988 1288 1067 Κανείδης
1303 983 1337 1060 ’).

191 1101 401 1163 Amazonum
432 1105 546 1164 autem
575 1102 775 1164 sacrificium
800 1119 875 1164 eum
899 1103 1036 1163 Theseis
1058 1104 1313 1180 coniunxerunt,
1338 1118 1377 1164 ea

140 1213 221 1288 lege
240 1216 277 1274 ut
295 1215 414 1276 Thesei
432 1232 486 1277 res
505 1219 575 1276 tam
594 1217 629 1277 in
648 1217 777 1292 Europa
795 1232 895 1292 quam
915 1217 948 1277 in
968 1216 1050 1277 Asia
1061 1219 1176 1277 eontra
1187 1217 1376 1278 Amazones

139 1328 262 1400 gestae
279 1328 336 1388 illo
355 1344 450 1390 sacro
469 1329 723 1391 celebrarentur.
744 1331 868 1406 Nempe
887 1329 919 1388 οἱ
934 1329 1117 1407 putescant,
1136 1329 1253 1391 Thesei
1272 1331 1377 1392 novos

139 1455 275 1501 errores
292 1440 456 1516 tingentes
474 1443 598 1503 dudum
621 1443 661 1503 de
684 1443 803 1504 Thesei
825 1445 859 1502 in
882 1442 1000 1503 Asiam
1023 1443 1231 1517 expeditione
1254 1443 1376 1504 tabula·

140 1553 279 1629 bantur,
309 1571 385 1617 cum
417 1556 533 1617 Graeci
562 1557 800 1631 antiquissimi,
831 1558 868 1617 nt
895 1556 1084 1616 videbimus
1106 1556 1206 1632 inira,
1230 1571 1376 1631 pugnam

140 1669 222 1741 ipsa
250 1669 284 1728 in
315 1669 450 1730 Graecia
473 1686 548 1731 cum
572 1671 798 1732 Amazonibus
821 1669 1038 1730 commissam
1061 1670 1237 1731 novissent
1259 1669 1376 1734 solam.

142 1781 299 1857 Quinimo
341 1783 382 1844 ad
423 1783 764 1845 Amazonomachiam
807 1784 893 1859 apud
935 1783 1187 1858 Themiscyram
1228 1783 1377 1845 habitam

141 1894 295 1956 facinora
316 1897 428 1957 herois
450 1898 523 1971 ipsa
543 1898 578 1957 in
600 1898 709 1972 patria
732 1898 829 1971 gesta
851 1897 919 1957 iam
944 1896 1138 1957 sordebant!

191 2122 281 2201 Quae
304 2127 418 2186 autem
440 2124 576 2186 fuerunt
596 2126 785 2186 Amazones
807 2124 884 2186 illae
907 2123 1064 2199 Graecae,
1089 2124 1220 2185 divinae
1243 2124 1379 2198 originis

142 2237 319 2315 mulieres,
350 2234 490 2312 quarum
517 2240 641 2300 cultum
665 2241 765 2314 atque
788 2254 911 2300 nomen
933 2240 1004 2300 tam
1027 2240 1099 2298 tota
1121 2237 1258 2298 Graecia
1280 2253 1378 2311 quam

142 2367 205 2426 per
235 2367 329 2412 mare
358 2353 527 2426 Aegaeum
558 2368 716 2426 oramque
738 2353 839 2413 Asiae
861 2352 1069 2412 maritimam
1094 2351 1176 2411 nulli
1199 2365 1264 2411 non
1288 2352 1379 2412 inno·

140 2465 252 2526 tuisse
275 2467 418 2541 constat,
442 2467 605 2540 siquidem
628 2467 662 2526 in
686 2467 814 2540 mythis
830 2467 881 2526 tot
899 2465 1030 2526 urbium
1050 2464 1253 2540 Ionicarum,
1274 2465 1379 2525 Aeoli·

143 2594 276 2654 carum,
289 2579 501 2641 Ponticarum
514 2583 627 2655 partes
645 2581 772 2656 primas
791 2582 918 2655 agunt?
938 2579 1082 2656 Quarum
1103 2578 1213 2653 imago
1233 2579 1378 2652 antiquis

141 2691 337 2752 hominibus
369 2695 441 2754 tam
476 2693 589 2753 vivida
621 2696 700 2754 ante
732 2693 845 2754 oculos
879 2693 1129 2768 obversabatur,
1167 2694 1205 2751 ut
1245 2691 1378 2753 turbam

145 2805 328 2866 mulierum
351 2808 558 2882 vagantium,
579 2808 692 2882 procul
711 2808 745 2867 in
765 2807 919 2883 Thracia,
940 2807 1035 2882 Asia,
1056 2806 1158 2867 libere
1178 2804 1377 2881 viventium,

144 2919 291 2979 simulac
314 2935 428 2980 earum
451 2920 544 2981 fama
562 2922 596 2981 in
615 2920 708 2980 Ionia
726 2920 981 2996 percrebuisset,
1005 2934 1099 2979 mero
1122 2919 1258 2981 nomine
1280 2918 1378 2978 Ama·

144 3047 269 3093 nonum
300 3034 384 3094 satis
407 3038 561 3095 accurate
584 3033 721 3094 indicari
743 3035 899 3108 putarent
921 3035 1038 3108 poetae
1062 3033 1170 3107 epici?
1193 3032 1282 3109 Quae
1304 3045 1379 3092 oum

146 3163 165 3207 e
197 3146 289 3208 caelo
316 3147 349 3207 in
371 3151 480 3208 terras
502 3147 765 3221 descendissent,
798 3147 819 3207 i.
843 3163 872 3207 e.
897 3161 973 3206 cum
997 3146 1136 3220 mythus
1159 3146 1267 3206 factus
1291 3147 1380 3206 esset

145 3261 302 3336 historia,
330 3261 426 3322 sedes
449 3261 634 3335 domusque
656 3261 691 3321 in
713 3259 824 3335 Caspii
845 3260 949 3320 maris
972 3259 1161 3334 regionibus
1184 3261 1381 3334 acceperunt

147 3390 167 3434 a
191 3375 349 3451 posteris,
373 3390 456 3448 quos
479 3375 588 3435 nuntii
610 3375 807 3448 praesertim
830 3373 871 3433 de
894 3373 1166 3433 Sauromatarum
1186 3349 1381 3434 mulieribus

147 3487 244 3548 allati
266 3490 454 3549 moverunt.

194 3602 267 3661 Iam
291 3602 450 3662 Pindarus
472 3602 559 3661 teste
580 3600 745 3662 Pausania
759 3594 782 3670 ⁸)
801 3600 962 3674 Ephesiae
982 3599 1108 3658 Dianae
1126 3597 1289 3672 templum
1310 3611 1381 3657 con·

146 3715 257 3775 ditum
288 3715 393 3775 luisse
416 3714 535 3775 cecinit
557 3714 598 3773 ab
621 3712 865 3785 Amazonibus3
890 3713 1077 3773 accuratius
1100 3713 1211 3771 autem
1235 3709 1381 3770 fabulam

146 3828 309 3890 tractavit
338 3831 438 3904 poeta
468 3828 699 3903 doctissimus,
730 3843 841 3888 rerum
873 3826 1087 3899 antiquarum
1110 3840 1211 3900 quam
1235 3825 1384 3884 maxime

148 3943 315 4018 curiosus,
349 3940 588 4016 Callimachus,
621 3941 677 4014 qui
706 3941 740 4000 in
771 3941 905 4014 Hymno
936 3939 1062 4000 Dianae
1094 3945 1172 4010 (vsa.
1205 3939 1269 4000 237
1301 3942 1382 4011 sqq.)

147 4058 248 4117 deam
270 4055 317 4116 ita
340 4055 535 4129 alloquitur:

243 4212 247 4225 .
302 4240 305 4243 Ι
328 4166 376 4229 σοὶ
397 4166 448 4228 καὶ
472 4168 673 4247 Ἀμαζονίδες,
696 4166 828 4246 πολέμου
852 4166 1086 4245 ἕπιθυμήτειραι

328 4280 361 4341 ἔν
384 4304 451 4342 κοτε
473 4282 623 4366 παρραλίῃ
643 4277 777 4359 Ἐφέσου
800 4280 907 4361 βρέτας
930 4281 1092 4361 ἱδρύσαντο

184 4585 205 4648 ¹)
223 4589 293 4636 Plnt.
311 4589 389 4636 Thes.
408 4591 437 4635 4:
457 4585 491 4651 ,qi
509 4589 575 4655 κριὸν
593 4588 749 4646 ὺαγίζοασι”.

183 4678 206 4741 ²)
224 4682 290 4740 γόνος
306 4683 424 4738 itamar
440 4682 457 4727 i.
475 4694 498 4728 e.
516 4682 682 4740 αὐτοχθόνων.
699 4679 738 4726 Oi.
756 4677 876 4738 Toepffer
892 4680 946 4727 stt.
964 4679 1029 4727 Gen.
1047 4691 1074 4738 p.
1092 4679 1149 4736 172,
1167 4679 1224 4728 810.

184 4771 205 4838 ⁸)
223 4773 281 4830 VII,
299 4774 323 4819 2.
342 4773 365 4820 l.

205 4859 349 4903 vitarum
1276 4855 1303 4898 10
