3525 5692
401 721 464 783 162
851 736 856 742 ’
903 734 945 780 mr
968 733 1118 782 cannara.

398 910 463 968 alia
492 923 576 980 quae
604 907 734 967 aliunde
762 908 947 980 conquisivi
970 903 1041 968 loco
1065 923 1125 968 suo
1149 909 1310 969 tractabo.
1335 907 1489 981 Singulas
1513 909 1625 967 autem

397 1037 480 1095 quas
504 1022 543 1080 de
567 1019 702 1080 Garneis
726 1021 936 1095 protulerunt
962 1036 991 1080 v.
1017 1021 1045 1081 d.
1071 1022 1242 1095 opiniones
1265 1037 1414 1082 seorsum
1440 1034 1626 1094 recensere,

395 1150 471 1194 curn
490 1133 597 1193 fusius
617 1133 678 1193 hoc
698 1149 836 1193 munere
855 1126 991 1193 iunctus
1010 1133 1054 1194 sit
1067 1133 1195 1194 Widius
1208 1134 1240 1193 in
1254 1135 1373 1194 Lexioc
1387 1133 1626 1219 Roscheriano‚

396 1265 437 1310 ne
467 1251 543 1309 acta
565 1261 663 1323 agere
696 1248 816 1324 videar,
848 1249 1016 1308 omittam.
1040 1248 1152 1322 Ipsam
1180 1251 1293 1308 autem
1319 1264 1390 1308 rem
1415 1246 1564 1307 nondum
1587 1246 1625 1304 ad

395 1360 495 1424 finem
521 1362 715 1436 perductam
740 1377 815 1422 esse
834 1361 965 1422 Widius
983 1361 1082 1422 huius
1101 1362 1262 1422 materiae
1282 1363 1382 1422 index
1404 1359 1627 1436 peritissimus

396 1476 448 1535 his
477 1475 670 1549 prolocutus
700 1477 753 1536 esi
777 1474 904 1536 verbis:
931 1475 1073 1550 „Strong
1099 1475 1287 1536 beweisend
1311 1476 1386 1535 sind
1410 1474 1520 1534 moine
1545 1473 1625 1533 Aus-

396 1589 736 1663 einandersetzungen
772 1588 901 1649 freilich
937 1589 1209 1650 nicht....aber
1240 1589 1291 1648 die
1321 1604 1384 1649 von
1419 1588 1484 1648 mir
1515 1601 1626 1660 vorge·

396 1705 556 1776 tragenen
587 1677 767 1762 Ansichien
798 1702 871 1763 sind
903 1702 986 1762 doch
1017 1701 1131 1763 besser
1159 1700 1356 1778 deprendet,
1384 1700 1434 1761 als
1464 1701 1517 1761 die
1541 1699 1626 1773 jetzt

396 1813 590 1890 gelauilgen.
622 1814 806 1889 Uebrigens
836 1815 890 1875 bin
919 1816 972 1876 ich
997 1815 1179 1890 zuirieden,
1204 1831 1301 1875 wenn
1327 1830 1363 1875 es
1385 1816 1450 1876 mir
1473 1813 1624 1888 gelingen

397 1930 522 2004 wurde,
559 1929 611 1989 die
640 1929 824 1988 Kameino-
844 1929 910 1989 und
939 1929 1198 2003 Karneienirage
1227 1929 1350 1989 wieder
1380 1929 1426 1988 im
1458 1927 1558 1987 Fluss
1586 1942 1623 1986 zu

396 2042 554 2116 bringen”
579 2046 663 2117 (pag.
689 2043 730 2102 87
756 2043 864 2112 Anni.

441 2155 542 2216 Bekk.
574 2157 695 2217 Anecd.
720 2156 735 2215 I
758 2171 788 2230 p.
814 2157 897 2216 234:
929 2155 1152 2228 Γυμνοπαιὸία·
1178 2152 1209 2212 ἓν
1233 2156 1361 2237 Σπάρτῃ
1385 2154 1490 2225 παῖδες
1514 2152 1622 2233 γυμνοί

395 2277 527 2340 παιᾶνας
564 2268 688 2351 ᾄδοντες
720 2267 860 2346 ε’χόρευον
894 2267 1055 2328 Ἀπόλλωνι
1090 2279 1128 2351 τῷ
1167 2269 1303 2352 Καρνείῳ
1332 2265 1407 2327 κατὰ
1437 2266 1493 2344 τὴν
1528 2267 1621 2328 αὐτοῦ

396 2383 579 2461 πανήγυριν.

441 2497 522 2556 Ibid.
557 2497 572 2556 I
607 2511 638 2570 p.
670 2496 746 2570 305,
781 2497 840 2556 25:
876 2496 1142 2572 Σταφυλοὸρόμοι·
1176 2494 1251 2554 κατὰ
1284 2494 1340 2571 τὴν
1374 2503 1434 2554 τῶν
1465 2494 1621 2568 Καρνείων

395 2607 502 2686 ἑορτὴν
538 2608 688 2685 στέμματα
722 2633 765 2681 τις
804 2607 1001 2688 περιθέμενος
1044 2608 1137 2687 τρέχει
1177 2608 1374 2687 ἐπευχόμενος
1408 2632 1435 2667 τι
1469 2619 1505 2692 τῇ
1539 2607 1620 2668 πόλει

395 2723 533 2803 χρηστόν,
563 2721 758 2783 ἐπιδιώκουσι
789 2720 821 2783 δὲ
852 2722 945 2783 αὐτὸν
977 2722 1053 2801 νέοι,
1081 2723 1324 2800 σταφυλοδρόμοι
1355 2723 1551 2798 καλούμενοι,
1572 2719 1620 2780 καί

395 2835 448 2896 ἐὰν
472 2834 525 2912 μὲν
549 2838 757 2914 καταλάβωσιν
781 2835 886 2910 αὐτόν,
908 2834 1028 2916 ἀγαθόν
1053 2861 1079 2896 τι
1102 2837 1312 2914 προσδοκῶσιν
1335 2833 1464 2895 κατὰτὰ
1484 2834 1621 2913 ἐπιχώρια

394 2960 431 3034 τῇ
453 2952 546 3010 πόλει·
572 2950 599 3010 εί
621 2947 654 3009 δὲ
677 2950 733 3026 μή,
756 2949 945 3010 τούναντίον.

440 3065 583 3139 Hesych.
615 3066 635 3125 i.
661 3081 691 3124 ν.
720 3064 986 3142 Σταφυλοδρόμοι·
1017 3061 1095 3136 τινὲς
1119 3074 1177 3124 τῶν
1202 3068 1386 3139 Καρυεατῶν
1409 3073 1615 3140 παρορμῶντες

393 3177 464 3250 τοὺς
488 3176 534 3236 ε’πί
560 3180 654 3262 τρύγῃ
678 3180 718 3238 cf.
743 3177 777 3240 0.
791 3180 816 3239 Ι.
830 3179 867 3240 G.
895 3180 992 3253 1387,
1020 3176 1115 3242 1388.

439 3293 520 3353 Ibid.
555 3293 576 3353 i.
602 3309 633 3354 v.
670 3296 851 3371 Καρνεᾶται·
886 3291 918 3351 οἱ
949 3290 1060 3372 ίίγαμοι
1095 3289 1313 3370 κεκληρωμένοι
1345 3287 1377 3350 δὲ
1405 3290 1454 3351 ἐπὶ
1484 3291 1538 3368 τὴν
1567 3299 1617 3350 τοῦ

395 3407 547 3484 Καρνείου
568 3406 766 3485 λειτουργίαν·
786 3402 874 3465 πέντε
895 3403 927 3465 dl
948 3401 997 3481 ἀφ’
1018 3404 1143 3484 ἑκάστης
1166 3407 1349 3483 <φύληςῗ>
1374 3404 1421 3466 ε’πί
1442 3404 1619 3483 τετραετείαν
1731 3419 1732 3446 l

394 3518 611 3598 ἐλειτούργουν,

439 3634 520 3694 Ibid.
552 3633 572 3694 i.
599 3649 629 3693 V.
662 3632 790 3711 Κγητής.
822 3630 838 3693 ὁ
869 3631 1040 3709 ίερωμί-νος·
1073 3631 1186 3710 ίίτιμος·
1217 3631 1249 3693 ἐν
1277 3631 1309 3693 δὲ
1332 3639 1393 3706 τοῖς
1422 3629 1616 3711 Καρνείοιςὸ

394 3744 555 3824 ἱερωμὲνος
586 3755 639 3805 τοῦ
672 3751 756 3806 θεοῦ.
790 3748 843 3808 Sic
873 3748 1004 3809 Widius
1035 3749 1182 3823 glossam
1214 3751 1346 3825 attulii;
1369 3751 1455 3825 apud
1480 3749 1616 3824 Hesych.

397 3877 474 3921 vero
498 3863 612 3921 exstat
636 3857 651 3918 ὅ
675 3859 835 3936 ἱερωμέιος
859 3871 924 3938 τῆς
949 3868 1040 3938 θεοῦ,
1063 3864 1148 3936 quod
1176 3864 1256 3924 olim
1280 3865 1428 3924 mutavit
1450 3864 1617 3924 Meursius.

439 3973 522 4033 Loca
546 3972 666 4046 quibus
690 3975 771 4035 dens
795 3975 966 4036 colebatur
990 3979 1068 4036 sunt
1091 3976 1192 4037 haec:

393 4089 427 4148 in
452 4088 629 4148 Laconica:
661 4088 791 4164 Sparta,
825 4088 1001 4164 Gythium,
1033 4090 1110 4165 Lae,
1144 4090 1327 4166 Oetylium,
1363 4092 1518 4168 Leuctra,
1549 4090 1615 4151 Oar-

660 4202 826 4276 damylae,
853 4202 1013 4276 Amyclae
1036 4201 1171 4273 ((11.6.
1199 4205 1312 4274 1446).

390 4315 424 4375 in
449 4316 629 4375 Messenia:
658 4315 799 4390 Pharao,
824 4329 963 4389 campus
987 4314 1223 4376 Sthenuclerus
1246 4317 1439 4390 (Mysterien
1467 4316 1616 4378 Insehriit

659 4444 689 4488 v.
714 4428 868 4488 Andania
892 4426 1018 4489 collita.
1044 4420 1154 4499 468illj

392 4542 426 4600 in
452 4541 624 4615 Sicyonia:
664 4541 794 4616 Sicyon.

391 4656 424 4714 in
449 4655 622 4728 Argolide:
658 4655 766 4730 Argos
790 4654 835 4725 (O.
849 4656 874 4716 I.
889 4656 925 4716 G.
953 4657 1062 4726 1152).

435 4768 626 4828 Praeterea:
659 4768 824 4846 camiros,
861 4770 1019 4853 Loryma,
1064 4770 1184 4849 Thera,
1223 4771 1346 4833 Cnidus
1382 4772 1472 4843 (coll.
1509 4773 1612 4847 3527),
