3525 5692
238 1507 339 1610 ns
374 1509 891 1618 sucuuuouis
923 1510 1303 1626 crunnum

471 1785 1064 1924 TELEGONIA.

197 2362 429 2437 Rampsiuitus
462 2379 523 2425 rex
558 2365 700 2440 Aegypti
734 2380 810 2426 cum
841 2367 955 2425 tantas
985 2366 1120 2425 divitias
1150 2366 1381 2425 coacervasset

153 2481 296 2547 quantae
324 2476 407 2536 nulli
429 2480 505 2552 post
528 2493 605 2538 sum
628 2479 837 2552 contigerunt
858 2478 1010 2554 principi,
1035 2481 1072 2537 ut
1094 2478 1264 2552 ingentem
1286 2476 1378 2536 illam

152 2587 222 2648 vim
254 2589 384 2663 argenti
413 2591 522 2650 tutam
552 2606 573 2649 a
598 2591 819 2666 praedonibus
841 2594 1004 2666 servaret,
1030 2590 1146 2650 cellam
1173 2589 1337 2664 lapideam
1362 2602 1381 2646 a

151 2701 258 2775 perito
282 2703 463 2764 architecto
486 2702 649 2764 aedificari
673 2704 812 2764 curavit.
835 2703 899 2764 Hic
917 2707 1028 2765 autern
1051 2703 1142 2763 vater
1161 2704 1261 2763 homo
1279 2703 1381 2777 parie-

151 2817 221 2875 tem
247 2819 423 2876 externum
446 2817 494 2876 ita
515 2817 697 2892 exstruxit,
718 2820 755 2876 ut
773 2831 861 2876 unus
878 2816 966 2892 lapis
985 2817 1080 2877 facile
1100 2815 1232 2876 extrahi
1250 2818 1379 2892 posset,

149 2942 214 3000 quo
233 2933 362 2988 remoto
380 2930 540 2990 introitus
558 2929 788 2990 clandestinus
807 2931 841 2990 iu
860 2931 1055 2991 thesaurum
1076 2929 1222 3004 regalem
1242 2931 1381 3004 pateret.

148 3038 231 3100 <lum
262 3041 297 3100 in
327 3058 365 3102 eo
396 3045 488 3103 esset
518 3045 556 3103 ut
586 3046 782 3119 moreretur,
809 3043 938 3105 duobus
960 3041 1038 3103 filiis
1060 3043 1188 3104 aditum
1212 3043 1380 3102 secretum

150 3154 326 3230 indicavit,
366 3170 430 3229 quo
469 3155 648 3231 prudenter
685 3158 738 3216 usi
776 3156 937 3231 reliquam
976 3156 1079 3216 vitam
1116 3157 1205 3216 curis
1240 3170 1379 3214 vacuam

150 3266 321 3342 degerent,
354 3269 473 3343 quippe
501 3268 558 3343 qui
587 3272 702 3329 essent
731 3269 834 3345 rapiar
863 3276 923 3327 τῶν
952 3266 1097 3346 βασιλέως
1119 3266 1286 3345 χρημάτων.
1308 3267 1380 3327 Rex

151 3394 245 3456 vero,
278 3395 354 3441 cum
378 3381 513 3442 cottidie
537 3397 615 3455 opes
637 3397 717 3443 suas
739 3383 895 3443 imminui
916 3382 1043 3443 videret
1065 3384 1099 3440 et
1124 3380 1289 3454 quomodo
1311 3395 1380 3440 sur·

151 3493 215 3567 ripi
245 3497 383 3568 possent
412 3495 601 3571 miraretur,
624 3495 809 3570 decipulam
832 3496 956 3570 posuit,
981 3509 1046 3568 qua
1069 3509 1150 3553 mox
1173 3493 1257 3554 alter
1280 3492 1382 3553 frater

152 3604 272 3666 haesit.
304 3605 365 3681 Qui
394 3622 470 3668 cum
494 3608 651 3683 expedire
674 3624 710 3668 se
732 3610 898 3683 nequiret,
924 3609 1062 3668 tratrem
1085 3608 1184 3681 caput
1204 3605 1269 3664 sibi
1291 3621 1370 3690 prae

152 3717 260 3778 cidere
283 3721 395 3797 iussit,
419 3735 461 3780 ne
484 3721 554 3795 ipse
578 3724 812 3795 agnosceretur
830 3721 991 3795 illumque
1010 3719 1112 3780 simul
1129 3719 1290 3793 perderet.
1312 3718 1381 3794 Quo

153 3831 243 3891 tristi
277 3832 382 3894 officio
416 3833 552 3894 functus
586 3833 687 3894 irater
721 3835 851 3909 aufugit
885 3837 985 3908 caput
1019 3835 1232 3909 amputatum
1266 3845 1380 3891 secum

152 3947 301 4018 portans.
337 3946 454 4007 cetera
488 3946 586 4006 huius
620 3946 779 4007 historiae
809 3948 850 4008 ah
880 3948 1048 4008 Herodoto
1079 3946 1135 4021 (ΙΙ,
1170 3945 1243 4015 121)
1274 3942 1381 4019 lepide

152 4063 305 4120 narratae
329 4075 406 4121 cum
429 4060 540 4121 minus
563 4061 604 4120 ad
629 4076 700 4121 rem
723 4076 836 4121 meam
858 4060 984 4121 iaciant
1005 4061 1120 4136 mitto,
1144 4058 1260 4135 paucis
1283 4056 1382 4116 modo

152 4171 262 4232 verbis
292 4173 332 4233 de
363 4173 567 4234 narrationis
596 4170 661 4233 line
692 4175 849 4247 adiectis;
879 4188 998 4249 nempe
1022 4188 1133 4248 regem
1158 4170 1260 4230 filiam
1284 4185 1381 4230 suam

153 4299 292 4345 uxorem
315 4286 446 4346 dedisse
469 4286 548 4362 furi,
572 4286 641 4362 qui,
663 4302 739 4347 cum
758 4287 914 4363 Aegyptii
934 4291 1061 4347 ceteros
1080 4285 1241 4345 mortales
1258 4283 1383 4342 astutia

150 4407 361 4476 superarent,
385 4400 628 4475 Aegyptiorum
652 4400 801 4460 omnium
827 4400 1026 4460 vaferrimus
1050 4402 1139 4459 esset
1161 4400 1323 4473 repertus.

196 4513 324 4573 Similis
355 4515 501 4575 narratio
531 4513 698 4575 invenitur
728 4514 814 4589 apud
837 4513 1039 4574 Pausaniam
1063 4513 1136 4589 (IX,
1161 4512 1216 4588 37,
1240 4513 1261 4569 4
1285 4514 1381 4586 squ),

150 4626 205 4697 qui
236 4623 425 4702 Callippum
456 4626 712 4688 Orchomenium
744 4630 914 4688 auctorem
945 4627 1095 4688 adhibuit
1118 4626 1299 4687 secundum
1322 4623 1382 4684 Ro·

149 4737 281 4799 bertum
310 4735 547 4820 (commentat.
572 4740 727 4801 Momms.
755 4742 840 4809 145).
863 4742 1021 4818 Legimus
1044 4743 1134 4802 enim
1158 4741 1380 4818 Trophonium
