3525 5692
365 691 427 752 174
864 703 905 747 nn
929 701 1078 749 01111111.

360 878 518 939 historico
557 894 578 937 a
611 875 823 937 Doriensibus
858 877 968 936 actam
1003 890 1077 937 esse
1111 872 1218 953 ἑορτήν
1252 877 1420 950 quandam
1454 879 1589 940 nomine

362 983 538 1070 Ἀνηθορίων
555 985 589 1065 ¹),
608 991 655 1050 -in
687 1005 753 1064 qua
779 989 1071 1050 circumferebatur
1100 990 1191 1066 rotie,
1223 990 1312 1063 quali
1343 992 1486 1053 maiores
1509 1009 1590 1054 suos

358 1121 438 1166 usos
467 1120 542 1167 esse
572 1104 782 1179 perhiberent
810 1102 1078 1164 transmittentes
1102 1103 1214 1164 sinum
1239 1102 1484 1168 Corinthiacum
1509 1109 1590 1169 Iove

359 1224 392 1281 et
424 1218 576 1294 Apolline
606 1217 751 1277 ducibus.
783 1216 900 1276 Fuisse
932 1216 1019 1276 bunc
1050 1216 1237 1291 Apollinem
1265 1226 1325 1275 τῶν
1349 1219 1492 1296 Καρνίων
1516 1235 1576 1295 epo

359 1347 513 1408 nymum,
539 1345 679 1403 eamque
702 1329 743 1390 ob
767 1343 902 1390 causam
924 1332 1039 1403 postea
1057 1329 1090 1388 in
1111 1330 1179 1404 via,
1199 1345 1265 1403 qua
1283 1330 1436 1407 Spartam
1455 1333 1588 1408 petivis-

358 1450 436 1509 sent
461 1446 654 1518 Dorienses,
679 1443 739 1503 deo
762 1441 887 1503 Garnae
912 1442 963 1503 vel
987 1441 1104 1503 Granio
1123 1443 1283 1519 templum
1305 1446 1462 1507 erexisse.
1482 1446 1590 1521 Vulgo

359 1577 438 1623 vero
473 1562 560 1620 hunc
593 1559 692 1619 deum
727 1554 787 1617 dol
821 1565 874 1617 τοῦ
910 1555 1137 1634 supportatus,
1170 1559 1254 1630 quod
1289 1560 1321 1619 in
1357 1575 1477 1635 pompa
1513 1560 1588 1621 eius

357 1674 591 1751 aspiciebatur,
613 1687 688 1734 esse
708 1671 910 1748 appellatum
930 1667 1126 1746 Στεμμάτινν.
1146 1670 1276 1731 Hostile
1296 1676 1408 1734 autem
1428 1675 1586 1749 quoniam

358 1790 476 1867 Apollo
511 1788 566 1848 ille
595 1785 724 1862 placari
756 1784 897 1858 solebat,
936 1798 989 1845 res
1024 1786 1062 1845 ut
1096 1783 1182 1844 intra
1216 1785 1402 1848 videbimus
1436 1789 1516 1849 olim
1552 1791 1587 1849 in

358 1905 586 1981 Peloponneso
617 1901 730 1962 minus
759 1899 897 1974 vulgata
925 1902 960 1959 et
989 1898 1101 1975 solita,
1134 1902 1171 1960 ut
1194 1913 1280 1960 novo
1304 1900 1380 1961 bulo
1403 1904 1489 1962 morl
1511 1902 1588 1963 sub·

357 2021 543 2083 strueretur
573 2014 826 2076 tundamentum
857 2011 1054 2072 historicum
1084 2013 1163 2073 nata
1193 2014 1244 2072 111
1270 2012 1392 2073 labella
1415 2014 1454 2074 de
1478 2013 1586 2077 Garno

356 2136 434 2196 vate
477 2133 599 2193 misere
639 2129 842 2201 interempto
880 2126 937 2187 sed
967 2125 1006 2185 ab
1038 2125 1189 2200 Apolline
1219 2126 1396 2187 vindicato.
1427 2126 1585 2190 Carnium

357 2249 457 2310 deum
488 2245 584 2307 facile
615 2258 690 2304 cum
714 2241 848 2315 antiquo
872 2242 1043 2315 pastorum
1068 2239 1127 2300 deo
1150 2237 1275 2300 0111110
1298 2229 1460 2302 coaluisse
1484 2243 1586 2316 atque

356 2363 432 2424 lude
455 2359 642 2436 Apollinem
667 2355 833 2418 Carneum
856 2355 950 2416 nasci
972 2353 1133 2431 potuisse,
1157 2369 1222 2415 non
1241 2353 1373 2431 multis,
1397 2357 1435 2416 ut
1458 2356 1585 2433 opinor,

357 2475 469 2538 verbis
491 2471 713 2534 demonstrari
732 2485 814 2546 opus
832 2472 895 2532 est.
916 2468 1069 2544 Quinlmo
1088 2465 1278 2546 συγκράσεως
1296 2467 1385 2529 illius
1405 2468 1507 2530 etiam
1528 2487 1583 2530 ex·

356 2591 448 2650 stare
468 2586 611 2662 vestigia
629 2585 783 2659 quamvis
794 2583 917 2658 exigua
929 2582 1086 2658 suspicor,
1100 2596 1175 2642 cum
1188 2581 1274 2658 apud
1288 2582 1549 2656 [Apollodorum]
1560 2581 1585 2655 ²)

356 2699 429 2776 lego
465 2700 559 2760 baec:
598 2694 717 2773 „dodon
747 2695 803 2775 γὰρ
827 2696 929 2767 αὐτοῖς
951 2695 1178 2776 (Doriensibus
1197 2695 1305 2756 sinum
1330 2696 1584 2768 traiicientibus)

357 2811 462 2890 μάντις
493 2808 645 2888 χρησμοὺς
678 2806 772 2887 λέγων
804 2809 854 2868 καὶ
885 2808 1053 2886 ἐνθεάζων,
1081 2803 1118 2868 ὃν
1143 2806 1286 2886 ἐνόμισαν
1310 2807 1407 2888 μάγον
1431 2802 1510 2870 εἶναι
1534 2807 1584 2871 ἐπὶ

357 2923 437 3006 λύμῃ
461 2928 515 2981 τοῦ
538 2915 666 2997 esperod
689 2918 783 2998 πρὸς
811 2922 1148 3001 Πελοποννησίων
1171 2919 1501 2999 ἆννεοταλμένον”.

401 3033 544 3094 Videsne
568 3036 605 3092 ut
628 3031 754 3094 Carnus
776 3050 896 3111 magus
919 3039 951 3110 (i.
975 3055 1003 3099 e.
1028 3052 1143 3099 revera
1166 3034 1313 3097 (lerneus
1336 3036 1428 3107 deus)
1451 3052 1469 3098 e
1492 3037 1583 3099 Ρ110-

355 3161 502 3224 ponneso
536 3144 750 3208 Doriensibus
780 3154 833 3210 eat
865 3153 1019 3214 obviam?
1048 3151 1259 3226 Intellegisne
1287 3166 1344 3211 cur
1368 3150 1583 3226 [Apollodori]

355 3259 501 3322 narratio
532 3260 686 3333 procedat
718 3263 780 3325 boc
810 3268 923 3327 modo:
958 3274 1086 3342 „touton
1116 3264 1217 3343 βαλὼν
1248 3262 1378 3348 ἀκοντίῳ
1395 3259 1541 3342 Ἱππότης
1566 3264 1582 3327 d

359 3375 517 3442 Φύλαντος
558 3381 611 3432 τοῦ
656 3377 803 3454 Ἀντιόχου
838 3389 892 3440 τοῦ
921 3375 1106 3458 Ἡρακλέους
1140 3378 1236 3458 τυχὼν
1274 3376 1490 3440 ἀπέκτεινεν”ἳ
1526 3395 1584 3440 cur

354 3486 540 3548 Antiochus
559 3488 784 3569 transfigatur,
804 3510 923 3570 magus
943 3500 1057 3558 autem
1077 3497 1191 3557 salvus
1210 3496 1327 3556 abeat?
1342 3495 1469 3572 Nempe
1481 3496 1580 3556 deum

356 3614 498 3675 quocum
533 3616 612 3663 mox
646 3605 761 3679 Apollo
791 3623 827 3669 11
858 3612 930 3670 0111
961 3612 1209 3684 coniuncturus,
1242 3611 1334 3670 cuius
1363 3624 1486 3670 nomen
1518 3609 1582 3670 sibl

354 3714 521 3775 asciturus
555 3719 639 3791 erat,
672 3718 766 3781 illurn
796 3722 963 3797 interficere
990 3740 1055 3784 non
1077 3725 1199 3785 licebat
1221 3723 1405 3784 Heraclidis
1428 3723 1582 3798 Apolline

356 3830 438 3890 duce
461 3828 705 3902 navigantibus.

401 3942 515 4015 Pergit
527 3941 722 4006 Pausanias:
738 3947 810 4023 ,τὸν
822 3945 876 4026 μὲν
889 3944 1034 4029 Ἱππότην
1046 3949 1292 4031 ἐφνγάδενσνν”,
1304 3968 1378 4013 oum
1392 3951 1581 4027 Apollinem

354 4055 703 4132 1111111111111111011
727 4065 817 4123 esset
840 4060 1005 4143 ἀλιτήμων,
1032 4064 1144 4144 ἄτιμος.
1167 4067 1276 4127 Pacilo
1298 4067 1398 4142 igitur
1416 4067 1582 4127 credimus

355 4172 389 4230 in
422 4167 601 4247 Ἀνητορίοις
630 4171 691 4233 hoc
721 4190 848 4249 quoque
879 4179 1049 4254 episodion
1076 4179 1109 4240 iu
1134 4195 1235 4240 scena
1258 4195 1331 4240 esse
1353 4182 1524 4255 peractum
1548 4183 1583 4242 et

355 4281 459 4343 luisse
479 4282 635 4360 aliquem,
657 4287 712 4359 qui
725 4281 868 4349 Ἱππότου
891 4325 930 4335 -
953 4293 1015 4354 11.
1035 4301 1089 4353 τοῦ
1108 4288 1256 4373 ἡγεμόνος
1277 4327 1316 4337 -
1334 4296 1580 4369 ageretpartes.

400 4396 523 4472 Operae
557 4412 643 4459 nunc
677 4403 729 4461 est
763 4404 906 4477 pretium
942 4407 1137 4469 meminisse
1171 4407 1302 4482 glossae
1333 4407 1579 4486 Hesychianae,

390 4667 410 4728 ¹)
427 4670 484 4717 Vid.
501 4671 613 4730 Hesyoh.
631 4672 647 4718 i.
665 4685 688 4718 v.

388 4758 409 4822 ¹)
426 4761 466 4824 11,
484 4764 507 4808 8.
526 4764 549 4810 8.
