3525 5692
851 715 892 760 DE
916 713 1027 760 Aison.

684 883 868 963 παννυχίζει,
890 880 1000 963 αίθέρα
1020 907 1084 945 κνι-

686 1006 772 1057 σᾶντι
793 997 965 1069 λακτίζοισα
988 1008 1094 1082 καπνῷ

326 1109 510 1170 scholiasta
533 1112 689 1171 annotat:
716 1108 824 1186 ,τοῦτό
849 1126 944 1188 φησιν
972 1107 1013 1183 ὧς
1042 1109 1112 1191 περί
1134 1109 1189 1188 τὴν
1214 1109 1343 1191 ἑσπέραν
1366 1107 1554 1189 τελουμένων

327 1231 386 1282 τῶν
408 1222 546 1301 νομίμων
569 1226 630 1294 τοῖς
654 1222 833 1302 Ἀλκαλδαις,
856 1218 893 1283 δι’
920 1221 991 1302 ὅλης
1015 1215 1071 1284 obv
1095 1241 1172 1302 φησι
1195 1222 1302 1296 νυκτός
1326 1223 1381 1302 τὴν
1400 1222 1553 1304 πυρκαϊὰν

328 1333 429 1412 μένειν
461 1332 560 1416 μέχρις
589 1333 738 1415 ἀνατολῆς
768 1333 865 1415 ἡλίου.
898 1336 991 1410 ἔθος
1022 1337 1122 1417 πρὸς
1147 1337 1299 1416 δυσμάς
1323 1338 1552 1418 ἱερουργεῖν

328 1453 408 1521 τοῖς
431 1447 554 1528 ἥρωσι
577 1448 675 1509 κατὰ
699 1449 765 1523 τὰς
789 1448 988 1524 ἀνατολάς
1012 1455 1096 1523 τοῖς
1119 1454 1264 1524 θεοῖς”.

373 1561 555 1625 Confirmat
576 1564 658 1624 haec
681 1565 784 1625 schol.
808 1565 915 1640 Apoll.
939 1564 1167 1629 Rhoaioai:
1194 1569 1276 1642 ,τοῖς
1299 1560 1353 1642 μέν
1378 1556 1434 1624 obv
1457 1585 1554 1624 κατοι-

328 1673 464 1754 χομένοις
494 1672 534 1748 ὡς
564 1673 631 1755 περλ
661 1672 749 1753 ἡλίου
780 1675 896 1756 δυσμὰς
930 1675 1128 1758 ἐναγίζουσιν,
1150 1681 1211 1750 τοῖς
1235 1673 1269 1738 δέ
1292 1675 1470 1758 οὐρανίδαις
1492 1675 1551 1738 ὑπὸ

327 1787 382 1865 τὴν
413 1786 451 1849 έω
481 1786 695 1862 ἀνατέλλοντος
724 1798 778 1850 τοῦ
808 1786 928 1868 ἡλίον”.
952 1792 1003 1862 (de
1026 1788 1266 1870 κατοιχομένοιςτ
1289 1791 1445 1867 mortuis,
1470 1806 1550 1864 quos

328 1902 549 1964 Philostratus
571 1906 670 1965 vocat
693 1901 829 1980 ἀφανεῖς,
856 1906 930 1966 vide
953 1905 1124 1966 Demosth.
1148 1906 1202 1982 43,
1216 1906 1281 1975 oi).

373 2015 554 2077 Confirmat
580 2033 708 2092 quoque
737 2018 919 2080 Pausanias
951 2019 1134 2095 (11,11‚i):
1164 2027 1223 2101 ,egb
1243 2013 1298 2095 μὲν
1324 2016 1490 2096 Ἀλεξάνορι
1513 2013 1551 2088 ὡς

328 2129 404 2208 ἥρωι
427 2128 499 2204 μενά
522 2129 610 2207 ἥλιον
630 2129 763 2191 δύνοντα
779 2128 970 2212 ἐναγίζουσιν
988 2130 1178 2210 Εὐαμερίωνι
1198 2127 1231 2190 δέ
1250 2127 1290 2202 ὡς
1309 2134 1373 2213 θεῷ
1389 2130 1553 2191 θάονσιν”.

374 2242 467 2304 Aiaci
502 2259 580 2305 vero
614 2258 720 2318 neque
753 2247 791 2305 ut
825 2247 980 2309 heroibus
1015 2247 1145 2323 vesperi
1179 2262 1285 2320 neque
1318 2247 1355 2306 ut
1383 2245 1456 2306 dele
1485 2245 1553 2306 soie

330 2356 456 2418 oriente
490 2355 747 2434 sacrificabatur,
782 2361 838 2421 sed
869 2361 966 2435 paulo
998 2363 1075 2422 ente
1105 2362 1217 2422 ortum
1240 2359 1322 2421 solis
1349 2355 1445 2428 (οὔπω
1468 2353 1552 2435 ἡλίου

333 2469 508 2549 ἀνίσχοντος
531 2470 608 2549 αάτή
632 2494 662 2533 τε
685 2471 873 2552 κατεφλέχθη
898 2473 948 2534 καλ
967 2471 1064 2535 ὁπόσα
1084 2483 1124 2557 τῷ
1145 2473 1254 2534 Αίαντι
1272 2471 1399 2552 έφερεν).
1413 2473 1553 2534 Aliudne

331 2586 431 2661 igitur
454 2585 576 2658 aliquid
599 2585 661 2646 init
684 2585 795 2647 Aiax?
817 2588 883 2664 Ita,
910 2591 947 2648 ut
970 2590 1076 2664 capite
1095 2583 1187 2647 XIV⁰
1198 2588 1426 2648 demonstrare
1446 2585 1556 2647 eonati

332 2715 467 2773 sumus;
499 2713 581 2773 quae
605 2699 714 2775 opinio
738 2715 824 2762 novo
848 2716 936 2762 nuno
959 2702 1078 2762 indicio
1101 2701 1296 2763 defenditur.
1320 2701 1402 2761 Nam
1427 2715 1492 2761 non
1515 2700 1555 2760 ad

333 2813 427 2884 θεούς
450 2813 506 2873 sed
531 2813 571 2872 ad
595 2811 630 2871 τὰ
653 2812 796 2891 δαιμόνια
823 2815 910 2876 Aiax
933 2815 974 2876 ab
998 2816 1123 2890 origine
1140 2815 1298 2891 pertinet;
1320 2814 1360 2875 ad
1379 2814 1555 2875 daemones

332 2927 419 3003 illos,
444 2927 501 2999 qui
519 2926 677 3002 imagine,
697 2925 805 3003 laetis,
822 2930 893 2988 tota
913 2943 975 2988 sua
991 2929 1075 3005 vita,
1097 2929 1289 3003 exprimunt
1308 2929 1449 2988 naturae
1468 2928 1554 2986 vires

332 3040 526 3117 indomitas,
551 3038 719 3116 efferatas,
740 3042 839 3102 certis
862 3056 883 3101 a
904 3041 1031 3117 legibus
1055 3041 1281 3105 abhorrentes.

379 3154 519 3229 ,iisne’'‚
532 3168 640 3229 rogas,
656 3153 1095 3230 ,saonfloiaiiebent'’?1tei
1111 3156 1263 3216 dabimus
1272 3154 1460 3229 exemplum
1470 3153 1553 3213 lucu-

240 3293 244 3299 ⁴
331 3268 470 3328 lentum.
494 3269 613 3328 Narrat
636 3268 818 3328 Pausanias
842 3268 930 3345 VIII,
956 3270 1015 3329 29:
1047 3269 1104 3344 ,ob
1135 3269 1238 3348 πόρρω
1267 3268 1355 3334 <τοο
1379 3265 1549 3341 biiaacob>

223 3463 227 3471 Ι
335 3380 439 3452 Βάθος
468 3377 547 3440 ἐστίν
578 3376 810 3459 ὀνομαζόμενον.
842 3381 946 3461 πηγή
969 3403 998 3442 τε
1025 3381 1137 3443 αὐτόθι
1160 3379 1240 3442 έστλν
1260 3376 1425 3457 Ὀλυμπιὰς
1449 3382 1556 3438 καλου-

335 3480 413 3572 μένηΙ
433 3484 484 3553 κοδ
507 3494 635 3572 πλησίον
658 3503 710 3573 τῆς
733 3503 832 3575 πηγῆς
855 3504 916 3577 πῦρ
940 3493 1045 3556 άνεισι.
1070 3494 1203 3577 Λέγουσι
1227 3492 1260 3556 δέ
1284 3495 1316 3555 ol
1332 3493 1469 3574 Ἀρκάδες
1489 3490 1556 3570 τὴν

335 3605 556 3686 λεγομένην
591 3609 797 3690 Γιγάντων
832 3610 959 3689 μάχην
990 3608 1040 3670 καί
1071 3615 1154 3671 θεῶν
1184 3606 1320 3669 ἐνταῦθα
1342 3604 1486 3687 γενέσθαι
1508 3601 1558 3663 καλ

335 3724 511 3784 θύουσιν
563 3721 786 3802 ἀστραπαῖς
839 3722 987 3784 αὐτόθι
1041 3721 1106 3782 καλ
1158 3719 1351 3793 θυέλλαις
1404 3740 1441 3779 τε
1493 3714 1556 3777 καλ

336 3838 560 3916 βρονταῖξῑ

380 3949 468 4025 Quae
493 3965 569 4010 vero
592 3950 817 4010 Philostratus
838 3945 952 4010 narrat
969 3950 1009 4010 de
1029 3950 1140 4010 Aiacis
1160 3949 1306 4025 corporis
1318 3945 1560 4022 magnitudine:

339 4062 574 4140 ,διαφθαρῆναί
601 4083 673 4122 ποτε
701 4060 734 4122 τό
765 4071 819 4123 τοῦ
851 4061 981 4133 Αἴαντος
1013 4070 1094 4140 σῆμα
1124 4059 1185 4121 δπό
1217 4070 1269 4138 τῆς
1292 4059 1458 4137 θαλάττης,
1488 4054 1558 4118 ὀστᾶ

335 4171 362 4235 δ’
396 4174 428 4236 έν
458 4175 539 4260 αὐτῷ
575 4185 712 4254 φανῆναι
742 4171 811 4237 καθ’
846 4174 1054 4254 ἕνθεκάπηχνν
1079 4173 1269 4253 άνθρωπον”
1293 4174 1436 4245 (Herolc.
1462 4174 1491 4246 2,
1516 4173 1556 4246 3),

336 4291 451 4351 eadem
483 4291 522 4351 de
550 4290 624 4351 aliis
654 4293 832 4352 narrantur
864 4291 898 4350 et
924 4290 962 4350 de
994 4263 1204 4364 Gigantibus,
1229 4291 1309 4363 puta
1332 4287 1417 4362 apud
1440 4286 1558 4346 Pausa-

336 4404 426 4464 niam
450 4404 548 4480 (viii,
562 4406 626 4476 29).
647 4403 729 4465 (tum
754 4404 853 4464 Aiace
876 4406 990 4464 nostro
1011 4405 1086 4478 apte
1106 4402 1289 4477 comparari
1310 4402 1465 4476 possunt,
1479 4411 1559 4472 quae

335 4520 375 4579 de
398 4518 538 4596 (ligante
567 4519 719 4595 Ephialte
743 4519 930 4579 narrantur.
963 4517 1128 4578 Habetin
1152 4515 1426 4591 Gigantomaohia
1450 4513 1559 4574 adver·

334 4635 459 4696 sarium
495 4635 684 4710 Apollinem
710 4632 895 4707 ([Apollod.]
919 4633 945 4708 I,
971 4634 1001 4707 6,
1027 4633 1057 4706 2,
1084 4632 1125 4701 2).
1164 4631 1255 4691 Idem
1290 4631 1404 4689 autem
1440 4641 1557 4688 nomen

337 4749 422 4823 gerit
446 4749 529 4810 alter
552 4747 790 4821 Aloeadarum,
