3525 5692
667 728 710 771 nn
733 727 884 773 cherma.
1322 711 1383 770 157

202 899 355 960 Priscum
379 909 492 960 autem
515 914 644 960 morem
668 900 796 960 tamdiu
820 901 1008 974 perstitisse
1031 915 1089 962 cur
1112 914 1286 973 negemus,
1311 914 1385 959 cum
1423 969 1424 974 ἵ

157 1012 283 1073 O.I.G.
318 1015 420 1073 1446Ιι
451 1028 512 1074 nos
543 1015 674 1087 doceat,
707 1014 804 1072 aliero
830 1014 933 1074 etiam
953 1018 1023 1088 porr
1047 1013 1080 1074 O.
1106 1029 1137 1073 n.
1162 1013 1294 1074 saeculo
1319 1027 1387 1072 mu·

155 1126 273 1186 lierem
306 1126 421 1187 carnei
453 1129 503 1188 dei
527 1127 675 1188 functam
699 1142 773 1187 esse
796 1129 981 1187 sacerdotio
1005 1128 1039 1187 in
1062 1126 1190 1187 lamllia
1211 1141 1274 1186 sua
1296 1126 1388 1185 here-

157 1240 302 1300 ditario?
340 1241 364 1298 ll
405 1240 589 1300 sacerdotio
630 1243 741 1300 autem
784 1239 952 1314 muliebri,
996 1243 1033 1301 ut
1074 1239 1107 1300 in
1143 1241 1286 1300 transitu
1326 1240 1388 1300 hoc

156 1353 346 1428 observem,
381 1353 566 1414 luculenter
601 1355 740 1428 apparet
773 1369 793 1414 a
825 1353 929 1413 Marte
971 1355 1003 1413 et
1038 1367 1072 1413 re
1106 1352 1243 1413 militari
1278 1352 1388 1412 aliena

156 1467 263 1527 luisse
287 1466 421 1527 carnea.
1266 1519 1270 1528 .

202 1580 275 1640 Iam
301 1581 473 1640 videamus
495 1594 559 1653 quo
582 1579 634 1639 die
657 1578 772 1640 carnei
797 1580 923 1639 mensis
946 1577 1127 1656 (IullAug.)
1148 1577 1235 1656 ἑορτή
1253 1580 1385 1641 initium

156 1693 319 1754 habuerit.
343 1694 462 1754 Narrat
485 1694 682 1754 Plutarchus
698 1686 719 1761 ¹)
741 1693 914 1753 Platonem
935 1691 1079 1771 γενέσθαι
1100 1692 1279 1770 Θαργηλίοις
1299 1693 1387 1769 hoq-

156 1825 243 1883 νησι,
276 1805 480 1870 Carneadem
512 1807 646 1883 Κάρνεια
679 1807 864 1883 Κυρηναίων
895 1803 1038 1885 ἀγόντων.
1070 1807 1186 1867 Addit:
1217 1804 1330 1885 ἕβδόμῃ
1355 1803 1387 1865 δὲ

156 1918 330 1996 ἀμφοτέρας
353 1918 555 1998 ἑορτάζουσιν.
580 1921 700 1982 Eodem
725 1921 826 1995 igitur
849 1921 901 1981 die
925 1935 988 1994 quo
1012 1922 1045 1980 et
1063 1921 1134 1994 ipse
1153 1920 1270 1996 Apollo
1289 1928 1387 1980 natus

155 2036 327 2096 ferebatur
360 2069 398 2080 —
424 2036 480 2109 qui
503 2036 578 2096 inde
596 2029 825 2113 Ἑβδομογὲοης
849 2033 1004 2094 audiebat
1029 2067 1067 2078 —
1094 2033 1241 2109 cyrenae
1265 2033 1394 2096 Caroea

154 2148 360 2224 incipiebant
399 2149 646 2223 agebanturque
688 2162 791 2221 usque
832 2148 872 2206 ad
914 2147 1001 2207 diem
1040 2148 1203 2208 decimum
1240 2152 1385 2209 sextum.

156 2262 310 2322 Etiamne
340 2261 498 2336 Spartae?
522 2262 606 2321 Nam
629 2263 716 2321 hanc
738 2261 966 2332 quaestionem
991 2276 1032 2319 ne
1054 2261 1252 2321 omittamus
1275 2265 1388 2322 monet

156 2375 329 2450 inscriptio
352 2376 477 2436 Therae
500 2378 643 2450 reperta,
669 2375 710 2434 ab
735 2373 859 2433 Hillero
883 2373 973 2433 edita
996 2375 1029 2433 in
1053 2374 1176 2434 Herme
1200 2376 1325 2444 (llldllz

448 2487 622 2567 Ἀγλωτέλης
645 2486 804 2565 κράτιστος
827 2485 943 2564 ἀγορὰν
966 2485 1070 2546 headda

450 2605 615 2678 Κα[ρ]νῆια
637 2599 714 2660 θεὸν
736 2600 913 2671 delmestac
935 2599 1156 2660 Ιιούνιπαντίδα

871 2711 922 2771 καὶ
947 2719 1122 2788 Λακαρτῶς.

159 2829 248 2906 Quae
277 2829 376 2889 verba
407 2829 586 2889 admodum
618 2828 758 2889 obscura
781 2845 812 2888 v.
837 2828 868 2892 d.
892 2828 939 2888 ita
963 2829 1079 2888 vertit:
1107 2827 1310 2903 „Agloteles
1336 2829 1391 2889 der

159 2943 247 3003 Sohn
270 2943 329 3003 des
352 2943 569 3018 Enipantidas
591 2943 658 3002 und
681 2942 739 3002 der
761 2941 918 3016 helario,
944 2942 1131 3002 allererster
1150 2943 1183 3000 in
1203 2941 1260 3001 der
1280 2941 1391 3001 offent-

158 3057 266 3117 lichen
289 3056 392 3131 Reda,
418 3057 477 3116 hat
500 3071 554 3116 am
579 3057 632 3116 20.
658 3056 845 3127 [Karneios]
866 3056 942 3115 dem
963 3055 1061 3115 Gotte
1081 3056 1133 3115 ein
1147 3056 1390 3115 Karneenmahl

159 3169 377 3230 zubereitet.’'
914 3163 917 3166 ’

201 3284 281 3344 Mihi
312 3285 344 3344 id
375 3285 473 3344 modo
504 3286 631 3344 certum
664 3284 810 3343 videtur:
835 3283 978 3342 νίοαεααο
1002 3285 1129 3343 mensis
1151 3283 1203 3343 die
1226 3283 1390 3342 'Pheraeos

157 3397 256 3457 deum
298 3397 450 3457 convivio
485 3396 671 3471 excepisse,
707 3396 960 3468 rectissimeque
995 3395 1158 3456 Hillerum
1194 3399 1391 3457 annotasse:

161 3525 259 3584 „man
289 3511 404 3585 weiss,
435 3511 514 3570 dass
545 3526 581 3570 es
611 3511 731 3585 gerade
762 3510 822 3569 aul
850 3509 925 3569 dem
949 3509 1059 3580 gebiet
1083 3511 1141 3570 des
1164 3511 1391 3584 griechischen

158 3624 341 3685 Kelenders
364 3624 508 3685 uberans
531 3624 683 3684 misslich
706 3625 763 3698 ist,
784 3638 848 3683 von
869 3624 978 3683 einem
1000 3623 1077 3684 Orte
1097 3625 1155 3684 aul
1173 3624 1234 3684 den
1248 3625 1390 3684 anderen

158 3754 199 3798 zu
222 3738 440 3799 schliessen.”
472 3739 524 3798 Sic
555 3738 612 3799 Coi
643 3752 707 3797 non
740 3738 919 3810 quotannis
948 3738 1005 3797 sed
1032 3738 1130 3798 tertio
1154 3753 1283 3811 quoque
1305 3753 1391 3798 anno

158 3854 284 3915 Oarnea
307 3854 447 3927 agebant
465 3849 496 3923 ²).

203 3969 318 4041 Itaque
349 3940 497 4028 subsidia
527 3967 592 4027 alia
622 3969 659 4026 ut
686 3981 740 4026 res
771 3963 934 4026 adfinem
959 3944 1155 4040 perducatur
1180 3979 1390 4025 arcessamus

158 4096 293 4142 necesse
317 4084 385 4154 est;
411 4095 647 4141 recenseamus
670 4079 761 4139 locos
785 4079 840 4138 ubi
863 4079 902 4137 de
926 4077 1063 4138 carneis
1086 4080 1204 4152 agitur.

202 4194 303 4254 Thur.
334 4193 372 4269 V,
406 4195 448 4254 54
480 4193 607 4253 nullam
634 4207 729 4267 opem
755 4192 851 4251 affert
875 4191 915 4251 ad
939 4191 1165 4264 quaestionem
1189 4192 1388 4266 propositam

157 4309 386 4393 dirimendam
419 4306 500 4367 (lum
533 4322 609 4367 vero
639 4307 691 4367 hic
714 4307 806 4366 locus
830 4305 1055 4364 observationi
1079 4305 1278 4364 utilissimae
1301 4320 1412 4379 prae·-

158 4421 234 4482 beat
256 4436 388 4496 ansam,
413 4421 558 4481 oblatam
583 4420 791 4480 occasionem
815 4418 931 4478 statim
955 4419 1098 4492 arripere
1122 4418 1205 4476 mihi
1227 4417 1336 4478 liceat.

191 4700 209 4763 ¹)
227 4705 335 4762 Quaesi.
352 4706 442 4765 symp.
461 4705 530 4760 vm,
549 4705 573 4752 h.

189 4792 210 4860 ²)
228 4797 294 4844 Ml.
305 4797 330 4844 S.
347 4796 393 4858 IX,
411 4797 468 4844 828.
486 4797 537 4844 sed
554 4794 608 4844 vid.
625 4795 742 4842 Ditteub.
760 4795 823 4854 Syll.
840 4795 982 4856 11.p.408
1000 4796 1066 4842 Ann-
1084 4797 1108 4841 8.
