3525 5692
395 731 438 794 20
918 743 959 790 nn
982 742 1092 790 Areon.

391 923 608 984 inclarescere
626 921 749 997 coepit,
769 921 840 980 tam
859 919 948 979 hunc
966 919 1101 979 heroem
1120 932 1221 991 quam
1240 918 1424 978 Minervam
1437 919 1617 992 Aethyiam

392 1039 491 1111 atque
514 1036 724 1111 Megarenses
746 1048 905 1110 aggressa
928 1035 981 1093 est
1004 1032 1185 1093 cantando:

617 1147 763 1209 Πανδίων
787 1150 923 1227 Τεύκρου
947 1143 1020 1226 φέρε
1043 1146 1187 1223 καμπύλα
1209 1144 1297 1218 τόξαλ

393 1267 453 1342 Qui
476 1279 595 1327 versus
617 1263 718 1338 igitur
741 1262 872 1323 circiter
895 1276 1021 1322 annum
1046 1262 1111 1321 510
1134 1257 1168 1321 in
1192 1261 1378 1322 Homerum
1401 1263 1621 1338 interpolatus

392 1381 499 1456 docet,
536 1377 703 1438 Philaidas
737 1390 865 1450 quoque
900 1375 940 1435 ab
976 1375 1076 1435 Aiace
1110 1375 1236 1435 maiore
1267 1375 1423 1436 oriundos
1452 1376 1616 1438 minorem

391 1493 527 1554 Aiacem
561 1490 700 1552 minime
734 1489 934 1564 neglexisse.
972 1489 1079 1549 Huius
1114 1489 1203 1548 enim
1239 1504 1339 1549 causa
1373 1490 1617 1564 Megarensium

392 1608 488 1669 deam
513 1604 625 1688 (Paus.
649 1605 678 1680 I,
704 1607 739 1681 b,
767 1601 798 1683 3)
821 1603 991 1678 petebant.

434 1722 506 1781 Iam
548 1719 692 1779 vidimus
727 1718 845 1780 Aiaces
880 1719 914 1778 et
948 1718 1111 1778 Teucrum
1146 1718 1180 1775 N
1211 1719 1277 1776 313
1312 1731 1378 1778 uno
1413 1733 1512 1778 versu
1542 1733 1617 1780 esse

389 1835 590 1896 coniunctos.
622 1832 746 1908 Operae
769 1835 883 1893 autem
907 1831 1051 1906 pretium
1075 1833 1126 1892 est
1148 1832 1257 1892 totum
1281 1832 1468 1893 exscribere
1491 1832 1615 1905 locum,

389 1951 426 2010 ut
455 1949 576 2010 melius
607 1948 778 2023 appareat,
809 1960 909 2019 quam
941 1948 1030 2006 arcte
1061 1946 1253 2007 coniunctos
1276 1945 1339 2006 sibi
1361 1944 1497 2008 finxerit
1519 1949 1617 2022 poeta
1664 1921 1668 1925 ’

388 2063 449 2124 hos
482 2064 550 2123 tres
584 2063 712 2123 heroes.
748 2058 909 2135 Observa,
941 2060 997 2132 qui
1026 2059 1061 2119 in
1092 2074 1193 2120 unam
1225 2074 1400 2135 personam
1432 2061 1616 2122 coalescere

390 2177 583 2237 videantur:

611 2283 740 2359 Αἴαντές
763 2307 792 2346 τε
816 2286 880 2348 δύω
907 2285 1038 2366 Τεῦκρός
1060 2280 1132 2358 θ’ὃς
1156 2283 1277 2367 άριστος
1300 2289 1426 2366 Ἀχαιῶν

611 2400 774 2484 τοξοσύνη,
797 2397 915 2480 ἀγαθὸς
940 2396 973 2460 δὲ
995 2398 1045 2460 καὶ
1070 2398 1102 2460 ἔν
1125 2399 1232 2484 σταδίη
1245 2397 1393 2483 ’ύσμίνηῗ

497 2509 499 2512 ’
591 2513 645 2588 ,οδ
663 2538 716 2593 μιν
739 2515 940 2586 (Hectorem)
963 2513 1043 2592 άδην
1066 2512 1189 2582 λλάουσι
1211 2511 1262 2574 καλ
1281 2512 1446 2591 ἐσσύμενον
1464 2513 1617 2594 πολέμοιο.

612 2630 688 2691 αίπύ
710 2631 765 2690 for
788 2627 931 2707 ἐσσεῖται,
953 2628 1032 2706 μάλα
1052 2649 1108 2709 περ
1134 2638 1267 2708 μεμαῶτι
1289 2629 1453 2708 μάχεσθαι,

609 2743 718 2806 κείνων
742 2743 903 2822 νικήσαντι
925 2741 1017 2821 με’νος
1040 2740 1092 2804 καλ
1114 2748 1213 2824 χεῖρας
1237 2741 1373 2816 ἀάπτους

611 2867 687 2938 νῆας
711 2856 888 2938 ἐνιπρῆσαι,
911 2858 958 2920 διε
981 2857 1023 2937 μή
1046 2857 1136 2931 αύτδς
1160 2880 1194 2939 με
1217 2858 1359 2937 Κρονίων

610 2970 736 3053 ἐμβάλοι
759 2973 929 3052 αἰθόμενον
952 2971 1046 3033 δαλὸν
1069 2973 1176 3051 νήεσσι
1197 2979 1301 3058 θοήσι.

611 3085 701 3167 άνδρλ
724 3084 758 3147 δέ
781 3083 804 3147 κ’
821 3086 857 3148 ού
880 3087 989 3160 άείξειε
1012 3085 1104 3167 μέγας
1129 3087 1319 3165 Τελαμώνιος
1344 3088 1437 3165 Αἴας,

612 3199 684 3264 obri
707 3197 731 3262 κ’
757 3206 886 3282 Ἀχολλήι
908 3201 1053 3283 ῥηξήνορι
1075 3201 1219 3282 χωρήσετε

611 3315 644 3377 ἒν
667 3312 692 3397 μ’
718 3316 916 3402 αύτοστοιδίη.

432 3433 566 3494 Minime
588 3433 760 3494 inferiores
783 3433 894 3508 partes
916 3433 1040 3494 Teucer
1062 3438 1175 3494 noster
1199 3434 1232 3493 in
1256 3434 1357 3494 Iliade
1377 3435 1455 3509 agit.
1476 3434 1615 3510 Saepius

388 3562 464 3607 cum
497 3547 640 3607 Hectore
674 3546 864 3621 proeliatur.
902 3545 928 3604 Θ
963 3547 1026 3606 281
1064 3563 1133 3620 sqq.
1169 3548 1403 3622 Agamemnon
1437 3545 1615 3609 honorifice

262 3665 267 3674 '
387 3677 464 3723 eum
488 3661 675 3738 alloquitur,
701 3661 770 3743 vel,
794 3662 880 3735 quod
904 3662 979 3736 plus
1002 3664 1068 3738 est,
1092 3663 1240 3738 praemia
1263 3664 1409 3725 secunda
1426 3663 1578 3724 Troianis
1599 3679 1616 3723 e

385 3775 500 3850 spoliis
518 3791 554 3836 se
575 3775 605 3835 ei
624 3776 745 3842 ceteris
765 3777 975 3837 Achaeorum
994 3776 1212 3837 nobilissimis
1230 3776 1431 3852 post-habitis
1443 3791 1615 3837 cessurum

387 3904 477 3966 esse,
502 3889 660 3950 declarat.

499 4005 562 4063 281
612 4006 724 4083 Τεύκρε
748 4002 822 4081 φίλη
846 4001 978 4082 κεφαλή,
1003 4002 1189 4083 Τελαμώνιε,
1211 4003 1334 4083 κοίρανε
1356 4009 1439 4066 λαῶν

500 4119 564 4178 282
610 4112 691 4196 βάλλ’
717 4115 828 4195 ούτως,
851 4117 889 4176 αί
905 4115 958 4178 κάν
981 4140 1008 4177 τι
1032 4117 1111 4194 φάος
1134 4121 1287 4179 Δαναοῖσι
1309 4115 1418 4199 γένηαι

499 4232 563 4291 283
610 4230 703 4311 πατρί
723 4253 753 4291 τε
776 4242 818 4310 σῷ
845 4235 1015 4310 Τελαμῶνι,
1038 4230 1055 4292 δ
1078 4227 1106 4291 σ’
1131 4229 1236 4312 ἔτρεφε
1258 4231 1372 4294 τντθδν
1395 4231 1497 4310 δοντα,

498 4345 563 4405 285
609 4343 660 4405 τὸν
684 4342 735 4405 καλ
758 4341 863 4423 τηλόθ’
890 4343 979 4406 ἐόντα
1003 4343 1137 4424 ἐυκλείης
1160 4343 1316 4426 ἐπίβησον.

610 4456 658 4519 σολ
682 4453 711 4518 δ’
738 4456 795 4539 ἐγώ
820 4457 964 4540 δκάερέω,
987 4457 1027 4531 ὡς
1051 4458 1102 4520 καλ
1126 4458 1333 4539 τετελεσμένον
1356 4457 1449 4521 ἔσται·

609 4571 645 4631 αἴ
664 4593 716 4632 κεν
739 4569 806 4650 ἕμολ
829 4572 893 4658 δῴη
918 4573 995 4646 Ζεύς
1018 4568 1044 4634 τ’
1071 4573 1204 4653 αίγιδχος
1227 4571 1279 4634 καλ
1301 4561 1417 4653 Ἀθήνη

610 4685 715 4745 Τιλίου
739 4683 923 4759 ἐξαλαπάξαι
947 4685 981 4747 bl
1004 4686 1147 4766 κτίμενον
1169 4688 1354 4769 πτολίεθρον

608 4799 717 4883 πρώτῳ
739 4820 785 4859 τοι
807 4795 869 4877 μετ’
897 4797 948 4878 ἐμὲ
970 4800 1138 4882 πρεσβήιον
1162 4799 1195 4862 ἐν
1220 4798 1284 4882 χερί
1306 4780 1415 4880 θήσω]
