3525 5692
394 701 459 760 150
859 719 902 763 nr
925 718 1150 766 mzoursus.

390 885 494 947 tuisse
523 888 692 962 putarent.
722 890 933 964 Tyndareum
964 891 1064 967 enim,
1095 890 1242 951 Helenae
1271 892 1411 967 patrem,
1436 906 1508 952 cum
1530 889 1605 951 dhas

390 1015 507 1075 procos
536 1002 667 1076 adigere
696 1003 799 1065 vellet
826 1004 868 1065 ad
898 1004 1142 1081 iusiurandum,
1173 1020 1237 1079 quo
1268 1004 1414 1065 Helenae
1443 1003 1606 1076 maritique

391 1114 496 1174 vitam
519 1116 560 1175 ab
583 1117 675 1177 omni
697 1118 818 1179 iniuria
839 1133 876 1178 se
898 1118 1094 1179 defensuros
1113 1118 1351 1194 promitterent
1372 1118 1522 1192 iuvenes,
1540 1131 1607 1189 equo

391 1232 526 1289 11111111
554 1246 612 1306 per
642 1230 770 1292 hostiae
798 1231 887 1308 τόμια
916 1233 1044 1293 iuratos
1073 1232 1296 1294 obstrinxisse
1313 1226 1345 1302 ¹).
1375 1231 1414 1291 In
1437 1230 1609 1306 Lysistreta

391 1346 504 1403 autem
526 1337 685 1418 fabula²),
708 1360 785 1406 cum
808 1346 848 1408 de
870 1346 1063 1407 coniurandi
1084 1346 1212 1406 ratione
1234 1345 1396 1420 modoque
1417 1345 1504 1405 inter
1524 1344 1609 1403 femi-

392 1470 454 1517 nas
484 1456 522 1518 iit
549 1472 674 1536 sermo,
705 1475 772 1521 uua
802 1475 845 1522 ex
873 1461 917 1521 111
946 1476 1063 1536 mum
1092 1455 1202 1521 aihum
1228 1461 1372 1520 mactari
1392 1459 1497 1533 iubet,
1520 1473 1608 1531 quem

359 1551 364 1558 ⁵
392 1586 520 1633 morem
551 1573 592 1633 ad
622 1575 811 1634 Amazones
840 1590 928 1635 unus
958 1591 976 1636 e
1006 1575 1125 1650 priscis
1156 1574 1393 1649 interpretibus
1422 1575 1456 1633 in
1487 1572 1611 1633 scholiis

392 1685 532 1746 rettulit.
564 1686 672 1761 liquos
702 1690 814 1749 autem
845 1688 886 1748 ab
915 1689 1144 1750 Amazonibus
1166 1689 1360 1751 immolatos
1383 1689 1616 1750 commemorat

393 1799 496 1859 etiam
514 1800 810 1864 Pseudo-Callisth.
830 1803 891 1878 111,
918 1804 971 1865 25.

437 1912 500 1973 Sed
539 1913 701 1976 Helenam
736 1919 771 1976 et
803 1915 943 1977 Dianam
980 1917 1132 1978 Orthiam
1167 1917 1353 1992 mittimus,
1389 1915 1429 1976 ds
1464 1929 1527 1988 qua
1558 1914 1614 1974 dea

391 2028 500 2089 multa
533 2028 639 2090 bonae
672 2028 777 2104 frugis
811 2030 1003 2092 observavit
1032 2032 1200 2092 Thomsen
1214 2023 1248 2096 ⁸).
1280 2029 1361 2106 Quid
1391 2031 1504 2090 autem
1533 2029 1615 2088 inter

389 2141 532 2202 Dianam
554 2142 661 2217 ipsam
685 2145 719 2202 et
741 2144 929 2205 Amazones
951 2145 1116 2206 interest?
1135 2145 1251 2205 Nonne
1269 2144 1375 2205 cuivis
1394 2143 1612 2219 perspicuum,

269 2241 273 2248 ’
391 2255 537 2329 virgines
576 2255 665 2330 illas,
705 2272 723 2316 e
756 2257 876 2330 quibus
910 2257 1034 2318 Dianae
1069 2258 1189 2318 chorus
1222 2260 1295 2317 erat
1327 2257 1542 2330 constitutus,
1577 2253 1613 2313 ad

391 2384 492 2429 unam
510 2384 627 2430 omnes
645 2370 818 2431 rettulisse
843 2371 949 2446 ipsius
972 2372 1053 2432 deae
1075 2371 1258 2446 imaginem
1284 2371 1437 2446 „saepius
1461 2369 1564 2430 veluti
1583 2368 1614 2427 in

388 2483 533 2558 speculis
551 2484 614 2544 sibi
633 2483 793 2559 oppositis
812 2485 1023 2560 repetitam.”
1047 2485 1133 2559 „Das
1153 2480 1319 2548 Gbitlichs
1339 2484 1384 2544 ist
1398 2483 1616 2545 seiherNatur

389 2598 475 2657 nach
498 2599 551 2659 ein
574 2597 825 2674 Unhegrenztes
847 2595 1008 2675 (ἄπειρον),
1031 2600 1092 2659 das
1109 2599 1251 2660 niemals
1271 2600 1373 2660 durch
1392 2599 1465 2658 eine
1483 2598 1614 2669 Person,

390 2710 442 2770 die
473 2710 624 2772 wirklich
653 2712 849 2774 individuell
880 2714 1059 2786 geworden
1088 2713 1147 2789 111,
1179 2728 1263 2788 ganz
1287 2712 1468 2787 ausgeiullt
1490 2711 1615 2772 werden

391 2825 491 2886 kann.
514 2825 579 2887 Der
598 2827 708 2887 Plural
731 2828 777 2887 ist
799 2843 842 2887 an
865 2828 936 2887 sich
960 2830 1067 2887 etwas
1091 2819 1395 2897 Abstrakteres’'⁴).

435 2940 581 3001 Fuerunt
611 2941 712 3015 igitur
742 2942 931 3002 Amazones
961 2955 1079 3001 omnes
1109 2940 1246 3016 Dianas,
1279 2943 1316 3000 ut
1337 2939 1443 2999 Diana
1466 2940 1539 3012 ipsa
1559 2935 1618 2997 fuit

391 3055 528 3114 Amazo.
553 3055 664 3128 Neque
685 3055 719 3114 in
743 3054 888 3115 Orientis
909 3054 1029 3128 angulo
1053 3054 1163 3128 aliquo
1182 3054 1322 3114 obscuro
1341 3053 1393 3114 vel
1413 3033 1447 3112 in
1467 3051 1617 3126 Scythiae

390 3169 523 3242 regione
545 3167 681 3228 hiberna
703 3167 890 3241 quaerenda
909 3169 961 3228 est
983 3183 1097 3228 earum
1118 3168 1240 3243 patria,
1261 3167 1319 3227 sed
1338 3167 1384 3227 ibi
1403 3165 1459 3226 ubi
1478 3167 1617 3226 Latonae

390 3281 459 3342 fllia
481 3282 676 3356 primarium
700 3295 832 3357 semper
853 3281 965 3341 locum
989 3282 1023 3340 in
1046 3282 1219 3342 hominum
1242 3279 1411 3341 mentibus
1430 3278 1617 3354 occupavit:

391 3399 427 3456 111
447 3397 518 3470 ipso
542 3393 685 3455 Graecia

428 3639 447 3697 ¹)
464 3642 542 3688 Pane.
560 3639 610 3702 ΙΙΙ,
628 3640 669 3697 10,
687 3642 711 3687 a.

426 3730 447 3792 ¹)
463 3734 573 3792 Lysistr.
591 3745 627 3779 vs.
647 3734 694 3779 191
714 3745 754 3791 sq.

425 3822 448 3887 ³)
466 3826 543 3872 Arch.
561 3827 579 3872 l.
597 3825 652 3873 Bel.
670 3824 744 3872 Wiss.
762 3823 845 3871 1X³·⁴
862 3839 889 3885 p.
907 3826 956 3872 aab
975 3839 1033 3884 sqq.

425 3913 447 3977 ⁴)
465 3918 632 3965 Wilamowitz
650 3918 754 3969 Griech.
772 3919 848 3976 Trag.
865 3919 893 3965 II
910 3932 935 3977 p.
953 3918 1010 3966 ait.
