3525 5692
689 721 730 765 on
753 722 865 769 arnon.
1345 707 1388 765 dl

164 895 352 957 mercedem
375 894 526 970 Neptuno
549 894 757 968 denegasset.
781 892 957 954 Herculem
979 894 1092 954 autem
1112 892 1243 954 beluam
1260 909 1390 970 aggres-

164 1025 240 1070 sum
260 1008 383 1070 auxilio
407 1022 472 1068 non
492 1007 652 1082 caruisse,
678 1021 754 1067 cum
777 1006 911 1068 Troiani
934 1006 1110 1067 duxissent
1133 1021 1303 1086 aggerem,
1328 1024 1391 1084 quo

166 1123 308 1184 monstri
329 1123 490 1198 impetum
515 1122 658 1197 effugere
681 1123 796 1196 posset
818 1124 860 1192 (Y
882 1122 967 1191 146).
995 1121 1130 1206 Virgine
1159 1136 1236 1182 vero
1258 1128 1393 1188 servata

165 1237 425 1298 Laomedontem
449 1235 571 1296 iterum
594 1233 731 1295 infidum
756 1250 793 1295 se
816 1235 1039 1310 praestitisse:
1071 1249 1173 1308 equos
1195 1236 1283 1297 enim
1306 1253 1391 1301 mor·

164 1350 249 1410 tales
280 1366 338 1426 pro
368 1348 615 1411 immortalibus
642 1349 776 1411 Herculi
802 1348 942 1410 dedisse.
966 1349 1062 1410 Hunc
1084 1363 1162 1409 vero
1185 1365 1250 1410 non
1273 1354 1390 1416 statim

163 1479 287 1538 poenas
310 1481 329 1526 a
352 1465 541 1526 fraudatore
564 1465 727 1540 exegisse.
751 1467 858 1526 Immo
878 1466 913 1525 in
932 1464 1103 1525 Graeciam
1124 1480 1199 1526 eum
1219 1481 1389 1530 reversum

165 1593 269 1639 naves
291 1594 441 1640 armasse
464 1595 535 1656 sex,
559 1594 761 1641 convocasse
781 1581 814 1640 et
832 1579 917 1640 aiios
935 1579 1053 1640 heroes
1067 1580 1101 1639 et
1119 1578 1334 1642 Telamonem
1348 1615 1390 1625 -

165 1693 302 1756 alterius
324 1694 453 1755 itineris
471 1697 740 1770 Argonautarum
760 1695 801 1755 ad
825 1694 941 1770 instar,
966 1695 1023 1756 sed
1041 1709 1101 1754 sex
1122 1695 1263 1755 navibus
1279 1711 1389 1758 usum.

166 1806 257 1868 Tunc
289 1808 424 1869 demum
455 1804 637 1880 ἐξαλαπάξαι
657 1806 834 1868 Herculem
858 1803 913 1883 τὴν
936 1804 1035 1883 πόλιν,
1065 1814 1197 1885 χηρῶσαι
1229 1803 1258 1867 δ’
1284 1806 1391 1890 ἀγρίας

166 1921 206 1990 (Ε
229 1921 294 1982 688
317 1925 399 1995 sqq).
430 1921 601 1982 'i'elamoni
624 1936 715 1998 vero,
741 1936 816 1982 oum
841 1923 919 1982 anta
942 1936 1061 1982 omnes
1084 1923 1216 1984 moenia
1239 1939 1392 1985 conscen-

165 2034 281 2111 disset,
307 2036 453 2111 praemio
477 2036 589 2096 datam
610 2050 684 2096 esse
704 2035 868 2110 virginem
888 2036 1071 2111 servatam,
1093 2051 1110 2096 e
1130 2051 1194 2110 qua
1212 2015 1395 2112 procrearit

165 2148 340 2210 Teucrum.

210 2263 336 2324 Fabula
370 2264 496 2325 Rhodia
525 2265 574 2324 ita
596 2264 698 2339 igitur
719 2261 925 2338 amplificata
954 2264 1022 2339 est,
1047 2266 1086 2324 ut
1108 2264 1243 2325 Telamo
1266 2281 1393 2340 quoque

165 2378 198 2438 in
234 2377 336 2438 iliade
372 2378 537 2439 obtineret
570 2378 691 2440 locum.
734 2377 886 2438 Alteram
924 2375 1234 2455 amplificationem,
1264 2395 1330 2453 qua
1359 2382 1393 2440 et

164 2492 311 2552 Aeacum
334 2491 410 2553 huic
433 2491 564 2552 fabulae
588 2506 755 2574 annexum
780 2491 885 2553 fuisse
908 2492 1076 2567 docemur,
1101 2491 1203 2553 refert
1232 2493 1394 2554 Pindarus

164 2604 226 2674 (01.
251 2603 337 2682 VIII,
362 2606 431 2683 30),
455 2606 511 2680 qui
534 2606 573 2666 de
596 2606 706 2666 Aeaco
730 2604 832 2666 habet
854 2605 954 2666 haec:

342 2717 395 2780 τδν
417 2723 488 2791 παῖς
513 2715 528 2778 δ
552 2723 675 2790 Λατοῦς
698 2717 874 2798 εὐρυμέδων
897 2740 927 2779 τε
951 2719 1108 2779 Ποσειδᾶν

340 2827 417 2917 Ἰλίῳ
441 2830 596 2911 μέλλοντες
621 2829 670 2893 tiri
694 2829 847 2908 στέφανον
866 2833 967 2905 τεῦξαι
985 2830 1150 2918 μαλέσαντο
1174 2833 1369 2916 συνεργὸν

344 2946 461 3026 τείχεος.

165 3060 296 3122 socium
327 3061 448 3122 laboris
477 3063 625 3123 Aeacum
655 3061 718 3123 sibi
748 3061 908 3123 ascivisse
931 3062 1120 3137 Neptunum
1146 3065 1180 3124 et
1202 3063 1391 3136 Apollinem

165 3175 262 3236 docet
284 3177 390 3252 poeta.
414 3177 520 3237 Adule
550 3175 742 3238 observavit
764 3175 944 3249 Didymus:
978 3174 1082 3252 ,ἰδίως
1110 3174 1160 3236 κοιλ
1184 3176 1300 3248 τούτοις
1323 3186 1392 3258 χρῆ-

165 3293 241 3348 σθαι
264 3289 316 3350 τὸν
340 3289 507 3369 Πινδαρον.
538 3287 591 3350 τὸν
613 3286 671 3369 γὰρ
696 3288 877 3349 Ποσειδῶνα
901 3285 951 3348 καί
982 3288 1153 3349 Ἀπόλλωνα
1183 3289 1224 3360 εἰς
1254 3288 1309 3367 τὴν
1338 3299 1392 3350 τοῦ

165 3401 279 3481 τείχους
302 3403 492 3481 κατασκευήν
519 3419 595 3482 φησι
619 3400 670 3463 τὸν
694 3400 812 3463 Αἰακὸν
835 3403 1034 3483 προσλαβεῖν,
1057 3402 1108 3461 ἴνα
1132 3401 1183 3462 διὰ
1206 3404 1314 3464 τούτου
1338 3413 1392 3465 τοῦ

166 3513 275 3594 μέρους
298 3525 352 3578 τοῦ
376 3515 436 3578 ὑπὸ
460 3516 580 3576 Αἰακοῦ
603 3513 859 3594 οἰκοδομηθέντος
884 3512 1033 3592 ἁλώσιμος
1056 3513 1178 3595 γίνηται
1202 3511 1359 3592 ἡ’Ίλιος”.

210 3631 364 3706 Sequitur
387 3633 476 3693 enim
499 3630 585 3706 apud
607 3630 787 3691 Pindarum
811 3610 873 3701 (is.
897 3631 938 3690 41
964 3633 1042 3706 su),
1071 3629 1258 3705 Apollinem
1279 3630 1392 3690 vatici·

166 3747 284 3806 natum
306 3760 380 3806 esse
403 3747 529 3806 Aeaco:

345 3854 506 3938 Πέργαμος
529 3854 607 3934 ἀμφί
631 3861 724 3935 τεαῖς,
747 3856 843 3936 ἤρας,
865 3854 950 3938 χερὸς
973 3853 1126 3937 ἐργασίαις
1150 3853 1316 3932 ἁλίσκεται,

164 3971 282 4044 quibus
306 3973 416 4034 verbis
440 3973 617 4048 respicitur
641 3974 675 4032 et
702 3973 883 4034 exornatur
905 3971 997 4033 iocus
1021 3972 1061 4032 ab
1085 3972 1279 4033 Aristarcho
1302 3971 1393 4033 obelo

166 4089 303 4147 notatus
328 4089 353 4144 Ζ
376 4087 441 4158 433
466 4101 533 4160 sq.:

344 4197 419 4260 λαδν
443 4196 475 4259 δὲ
499 4206 610 4278 στῆσον
633 4193 702 4280 παρ’
728 4197 860 4278 ἐρινεὸν,
883 4197 963 4258 ἔνθα
986 4198 1112 4276 μάλιστα
1150 4180 1154 4191 ’

345 4310 477 4393 ἀμβατός
501 4310 561 4373 ἐστι
584 4311 671 4384 πόλις
694 4310 744 4372 καλ
769 4310 933 4391 ἐπίδρομον
957 4310 1060 4372 ἔπλετο
1082 4316 1186 4390 τεῖχος.

212 4426 275 4487 Sed
294 4426 375 4487 haec
394 4442 482 4488 nunc
498 4427 676 4488 mittimus.
702 4426 762 4502 Qui
783 4441 860 4487 vero
877 4426 1021 4501 quaerit,
1043 4427 1128 4487 unde
1147 4425 1290 4502 Aeacus,
1308 4426 1394 4488 unde

165 4539 300 4601 i'elamo
324 4540 517 4616 irrepserint
541 4541 574 4603 in
595 4539 748 4618 iliadem,
769 4555 835 4601 non
856 4542 966 4616 potest
984 4540 1062 4614 quin
1086 4540 1200 4602 oculos
1220 4537 1395 4602 convertat

166 4653 344 4731 Aeginam,
369 4654 589 4732 Salaminem,
615 4656 777 4716 Athenas.

210 4767 357 4842 Iuppiter
391 4769 482 4829 enim
512 4769 675 4843 Aeginam
708 4769 810 4844 Asopi
841 4766 945 4830 tiliam
972 4769 1118 4844 ,luserat
1142 4770 1265 4844 ignis’‘;
1289 4767 1395 4829 fllium
