3525 5692
550 734 593 778 81
614 733 833 779 8888888818
855 734 1049 780 1888881118.
1350 719 1414 778 203

188 900 353 982 ὁλόκληρον
378 902 565 981 ὑφελόμενος
595 902 635 976 ὥς
664 904 745 964 ἴδιον
767 901 955 985 ίξήνεγκεν.”
979 905 1177 981 compilavit
1199 905 1300 979 igitur
1323 904 1416 980 Gyre-

189 1033 307 1094 nesus,
349 1019 379 1078 si
409 1016 492 1079 iides
515 1019 642 1080 auctori
664 1015 732 1095 sepi
753 1022 868 1096 κλοπῆς
891 1019 1061 1093 scribenti,
1087 1019 1211 1079 Musaei
1234 1019 1355 1079 librum
1379 1020 1418 1079 de

189 1131 396 1207 Thesprotia,
426 1135 460 1192 et
488 1133 566 1193 licet
594 1132 769 1208 ¹‚clemens
790 1132 825 1194 18
847 1133 1023 1194 odorandis
1047 1136 1198 1193 veterum
1221 1132 1418 1208 scriptorum

190 1244 309 1320 plagiis
334 1247 436 1307 nimis
462 1246 613 1308 videatur
642 1248 769 1322 ssgax”
783 1242 819 1323 ¹),
855 1256 936 1308 non'
952 1247 1057 1323 video,
1089 1261 1146 1307 our
1173 1261 1261 1307 nunc
1291 1261 1418 1320 quoque

191 1358 416 1422 Alexandrino
445 1376 578 1422 omnem
601 1359 700 1422 fldem
724 1361 931 1436 derogemus.
956 1361 1141 1422 (1818811188
1165 1362 1278 1421 sutem
1302 1376 1344 1421 ne
1366 1361 1421 1421 hic

192 1472 280 1532 sicut
302 1473 380 1533 aiibi
403 1489 461 1551 pro
485 1475 618 1536 Musaeo
642 1475 847 1536 Onomecriti
869 1489 990 1536 nomen
1013 1474 1259 1536 substituamus
1275 1470 1310 1545 ¹).

238 1587 473 1665 „unmoglich
507 1590 614 1664 inquit
639 1588 865 1650 Wilamowitz
889 1589 988 1649 Hom.
1013 1587 1147 1649 Uniers.
1171 1604 1202 1664 p.
1230 1589 1306 1663 181,
1331 1588 1420 1650 kann

190 1699 279 1760 disse
302 1703 493 1776 geschichte
515 1702 672 1777 (loquitur
694 1703 733 1763 de
756 1702 984 1778 Thesproiide)
1007 1703 1040 1762 in
1065 1702 1198 1777 Kyrene
1221 1702 1419 1763 enistsnden

191 1813 274 1874 sein.
297 1813 496 1875 Jedermann
519 1816 621 1893 sishi,
646 1817 725 1877 (1888
740 1817 789 1877 818
809 1817 869 1876 aui
884 1817 1128 1902 thesprotische
1147 1814 1335 1890 locslsegen
1354 1815 1421 1876 und

191 1927 405 2002 genealogien
423 1929 580 1990 81818811.
601 1929 666 1990 Der
685 1931 813 1991 dichter
831 1930 889 1992 der
908 1930 1084 2005 Telegonie
1104 1944 1199 1991 muss
1217 1929 1288 1990 8188
1306 1929 1421 1989 881888

192 2041 283 2119 81ο11,
307 2044 393 2103 (1881
417 2043 642 2105 vermuthlioh
666 2046 706 2132 in·
724 2046 876 2121 spischer
899 2046 1036 2121 gesiali,
1057 2059 1117 2104 aus
1133 2043 1278 2105 fremder
1296 2041 1423 2118 gegend

192 2156 343 2217 erhalten
367 2158 486 2219 haben.
513 2158 573 2219 Dis
595 2174 676 2234 sege
698 2160 744 2220 ist
767 2159 915 2220 offenhsr
938 2160 1022 2220 81181
1045 2158 1096 2219 818
1119 2158 1172 2219 die
1195 2156 1422 2218 korinihisohe

192 2271 375 2347 besetzung
404 2273 461 2333 der
491 2274 712 2349 epirotisohen
742 2274 849 2334 1111818.
881 2274 940 2334 Die
963 2273 1164 2348 Thesproier
1185 2271 1347 2332 811181188
1370 2270 1422 2329 die

192 2399 312 2460 person
341 2385 400 2446 des
430 2386 600 2462 odysseus
629 2387 838 2449 118118111811
862 2403 928 2448 von
950 2387 1013 2448 den
1036 2385 1224 2447 vorlduiern
1247 2383 1422 2444 Kerinths:

195 2498 254 2559 das
276 2513 389 2560 1181811
412 2499 464 2560 die
488 2499 709 2563 Chalkidier.”
1097 2503 1101 2511 '

240 2612 466 2673 Wilsmowitz
500 2614 601 2688 igitur
630 2615 789 2675 nucleum
819 2613 1048 2690 Thesprotidis
1076 2613 1111 2672 in
1132 2612 1206 2686 ipsa
1228 2609 1423 2685 Thesprotia

195 2729 310 2786 natum
341 2729 451 2802 putai;
481 2727 585 2788 credit
608 2743 742 2789 carmen
763 2729 968 2790 continuisse
997 2726 1208 2802 genealogias
1237 2725 1258 2786 i.
1278 2738 1307 2784 e.
1331 2737 1424 2783 cona-

195 2839 286 2899 111188
316 2855 445 2917 8ο1818,
477 2842 532 2916 qui
554 2840 688 2902 Ulixem
712 2842 950 2904 801811111818
972 2843 1143 2902 invectum
1167 2855 1242 2900 cum
1266 2838 1422 2912 Thespro·

191 2955 304 3014 torum
340 2956 527 3030 principum
555 2973 674 3033 genere
705 2957 905 3032 coniungere
935 2955 1071 3017 vellent.
1102 2955 1280 3015 Videamus
1310 2956 1424 3013 sutem

197 3067 355 3128 carminis
377 3072 625 3145 argumentumz

244 3180 314 3257 ,καλ
344 3181 417 3258 μετὰ
446 3192 539 3245 ταῦτα
568 3187 600 3256 (1.
625 3200 653 3246 8.
685 3188 862 3260 postquam
892 3185 925 3244 in
954 3184 1070 3244 Ithaca
1093 3182 1203 3242 insula
1224 3179 1425 3242 sacrificavit

199 3294 317 3357 Ulixes
351 3313 394 3359 ex
428 3298 519 3360 iiiide
549 3294 716 3379 reversus)
741 3298 782 3368 είς
815 3296 1013 3376 Θεσπρωτοὺς
1044 3295 1214 3372 ἀφικνεῖται
1235 3292 1287 3353 καί
1308 3297 1430 3373 γαμεῖ

199 3408 450 3487 Καλλιδίκην
479 3411 621 3495 βασιλίδα
652 3420 711 3470 τῶν
744 3411 941 3490 Θεσπρωτῶν.
972 3407 1072 3470 ἔπειτα
1099 3408 1426 3487 πόλεμοςσυνίσταται

200 3526 263 3594 τοῖς
293 3523 482 3603 Θεσπρωτοῖς
504 3524 580 3603 πρὸς
604 3526 758 3606 Βρύγους,
778 3519 945 3596 Ὀδυσσέως
967 3519 1161 3605 ἡγουμένου·
1185 3522 1321 3585 ἐνταῦθα
1336 3519 1428 3601 ’Ἇρης

200 3635 272 3708 τοὺς
300 3635 367 3717 περί
396 3637 450 3698 τὸν
477 3634 623 3701 Ὀδυσσέα
653 3636 803 3718 τρέπεται,
831 3637 883 3698 καὶ
906 3637 988 3722 αὐτῷ
1012 3637 1054 3711 είς
1077 3638 1176 3718 μάχην
1199 3643 1315 3716 Ἀθηνᾶ
1336 3635 1427 3697 καθί-

201 3766 324 3812 σταται·
364 3754 490 3826 τούτους
529 3749 584 3832 μέν
624 3753 774 3815 Ἀπόλλων
816 3752 939 3814 διαλύει.
982 3750 1054 3831 μετὰ
1089 3748 1122 3813 δέ
1155 3751 1210 3830 τὴν
1245 3751 1427 3828 Καλλιδίκης

202 3865 343 3944 τελευτὴν
376 3867 432 3945 τὴν
465 3865 520 3946 μέν
550 3868 706 3948 βασιλείαν
736 3865 905 3947 διαδέχεται
936 3866 1130 3945 Πολυποίτης
1150 3861 1316 3938 Ὀδυσσέως
1347 3865 1428 3940 υίός,

204 3980 295 4053 αὐτὸς
327 3977 354 4042 δ’
387 3982 429 4054 είς
460 3982 586 4060 Ἰθάκην
615 3979 805 4058 ἀφικνεῖται’
833 3980 892 4041 κάν
922 3981 1018 4066 τούτῳ
1047 3978 1214 4061 Τηλέγονος
1237 3979 1286 4041 έπί
1308 3979 1429 4058 ζήτησιν

204 4105 258 4157 τοῦ
281 4096 393 4177 πατρὸς
416 4095 525 4177 πλέων,
546 4097 665 4179 ἀποβὰς
687 4099 730 4172 είς
750 4094 879 4176 Ἰθάκην
901 4094 999 4175 τέμνει
1021 4096 1077 4175 τὴν
1099 4105 1211 4175 νηοον·
1235 4093 1430 4174 ἐκβοηθήσας

205 4205 232 4269 δ’
268 4205 430 4284 Ὀδυσσεὺς
464 4211 525 4273 ὑπὸ
559 4221 613 4273 τοῦ
647 4210 757 4284 παιδὸς
792 4210 961 4290 ἀναιρεῖται
993 4205 1054 4270 κατ’
1090 4207 1226 4290 άγνοιαν.
1263 4205 1430 4288 Τηλέγονος

205 4322 233 4387 δ’
260 4324 404 4406 ἐπιγνοὺς
427 4326 482 4405 τὴν
505 4324 655 4406 ἁμαρτίαν
677 4326 710 4387 τά
733 4347 763 4387 τε
786 4333 839 4386 τοῦ
863 4323 977 4405 πατρὸς
1001 4334 1086 4403 σῶμα
1109 4322 1160 4385 καί
1182 4324 1234 4385 τόν
1257 4319 1431 4402 Τηλέμαχον

204 4440 254 4501 καὶ
288 4440 343 4519 τὴν
380 4441 565 4520 Πηνελόπην
598 4439 673 4522 πρὸς
703 4439 759 4517 τὴν
789 4436 903 4518 μητέρα
932 4440 1126 4517 μεθίστησιν·
1153 4434 1173 4516 ἡ
1198 4434 1230 4498 δέ
1253 4435 1430 4508 ἀθανάτους

204 4561 297 4633 ποιεῖ,
319 4553 371 4615 καὶ
390 4561 528 4616 συνοικεῖ
541 4565 577 4640 τῇ
596 4551 650 4633 μέν
670 4553 834 4636 Πηνελόπη
857 4549 1037 4633 Τηλέγονος,
1056 4552 1155 4636 Κίρκη
1175 4548 1207 4613 δέ
1229 4548 1431 4630 Τηλέμαχος”.

240 4724 257 4785 ¹]
275 4727 584 4777 181188881181881111
602 4729 659 4788 Agl.
676 4741 702 4788 p.
720 4728 778 4774 81⁰.

239 4814 259 4881 ¹)
278 4819 316 4867 of.
334 4821 411 4867 Peos.
427 4821 454 4878 1,
472 4821 518 4879 ii,
536 4821 559 4867 1.
