3525 5692
632 709 674 753 nc
697 709 921 755 maneamus.
1326 696 1387 756 141

158 882 287 942 maiore
319 883 434 941 tamen
467 880 667 941 auctoritate
701 878 815 953 vigent
849 879 1032 954 florentque
1066 896 1279 955 quaecunque
1308 882 1392 942 seris

157 995 335 1070 nepotibus
353 994 435 1055 bene
454 994 591 1054 serrata
608 992 836 1066 servandaque
854 993 1062 1054 tradiderunt
1080 995 1136 1068 qui
1155 997 1232 1056 ante
1247 995 1391 1056 fuerunt.

161 1110 215 1170 Sic
238 1125 322 1183 quae
344 1109 453 1184 opinio
476 1108 516 1168 de
539 1108 749 1167 Amazonum
772 1107 899 1182 origine
918 1107 1071 1169 orientali
1090 1110 1220 1170 mentes
1238 1108 1392 1182 antiquas

159 1223 348 1298 occupavit,
381 1222 508 1281 mansit
538 1220 713 1293 haesitque
745 1220 786 1280 ad
816 1223 950 1281 nostros
980 1236 1084 1295 usque
1107 1222 1191 1297 dies,
1215 1222 1293 1282 licet
1315 1221 1393 1281 huic

159 1336 345 1396 sententiae
375 1339 411 1396 et
440 1334 641 1395 Graecorum
672 1333 787 1408 religio
810 1336 845 1394 et
867 1349 953 1407 quae
975 1335 1154 1411 scriptores
1176 1338 1306 1396 veteres
1328 1336 1391 1394 tra·

159 1450 314 1510 uiderunt
342 1454 456 1524 aperte
482 1449 703 1524 refragentur,
728 1450 891 1522 quantum
915 1449 1048 1522 quidem
1075 1449 1205 1510 videam
1228 1450 1391 1523 equidem.

207 1564 269 1623 Sed
299 1579 341 1623 ne
371 1562 512 1623 materia
541 1561 731 1637 obruamur,
756 1575 893 1636 operam
917 1561 1000 1622 dabo
1024 1564 1061 1622 ut
1084 1578 1126 1622 ex
1149 1562 1261 1624 ordine
1285 1563 1390 1637 dispo·

159 1676 262 1736 sitem
292 1675 470 1737 lectoribus
500 1674 678 1750 praebeam
708 1674 963 1736 diiudicandam.
995 1675 1110 1749 Itaque
1140 1690 1240 1749 quam
1271 1675 1390 1737 brevis·

158 1790 246 1850 sime
268 1792 381 1865 potero
406 1789 517 1850 varias
540 1789 710 1849 variorum
733 1788 933 1863 scriptorum
957 1789 1142 1850 sententias
1162 1789 1289 1851 duobus
1308 1791 1393 1865 capi·

157 1905 249 1965 tibus
272 1905 466 1979 complexus
487 1904 646 1980 refutare,
670 1903 745 1963 dein
765 1917 875 1964 meam
896 1903 1001 1978 ipsius
1020 1904 1207 1978 opinionem
1228 1918 1392 1978 exponere

160 2019 304 2080 conabor
320 2015 352 2088 ¹).

204 2132 381 2193 Muellerus
411 2131 473 2192 suh
503 2131 715 2192 Amazonum
746 2132 897 2206 personis
927 2131 1032 2194 latere
1063 2133 1183 2193 statuit
1205 2132 1392 2193 hierodulas

171 2246 249 2322 llas,
274 2245 392 2319 quibus
415 2245 552 2306 Pontica
574 2245 608 2304 in
631 2244 765 2319 regione
788 2245 967 2306 mandatus
987 2248 1059 2306 erat
1078 2244 1293 2307 (lomenensis
1313 2247 1393 2308 deae

157 2360 286 2420 lunaris
309 2359 431 2420 cultus.
455 2359 484 2418 A
507 2359 601 2419 cuius
624 2358 687 2417 viri
710 2357 898 2418 doctissimi
921 2359 1072 2433 partibus
1096 2361 1188 2419 stant
1211 2359 1390 2436 Prellerus,

159 2473 361 2549 (lerharduS,
394 2471 660 2548 Staclrelhergus,
693 2471 759 2531 nisi
788 2472 874 2546 quod
906 2472 941 2531 hi
964 2472 1159 2534 addiderunt
1180 2474 1389 2535 Amazonum

158 2602 289 2662 pugnas
320 2588 353 2647 et
381 2600 509 2647 errores
531 2584 719 2660 significare
743 2585 886 2662 labores,
912 2586 1393 2662 contentiones,difficultates

157 2700 312 2776 denique,
336 2715 421 2773 quae
443 2700 524 2760 deae
547 2699 807 2760 assectatoribus
830 2699 911 2760 olim
935 2699 1061 2761 luerint
1079 2701 1256 2776 patiendae
1275 2704 1308 2762 et
1326 2717 1394 2776 per·

135 2794 313 2875 'ferendae
336 2816 373 2874 ut
395 2814 467 2875 eius
489 2814 615 2876 cultum
639 2830 697 2890 per
720 2815 837 2875 Asiam
861 2816 1095 2877 extenderent.

204 2929 287 2989 Fors
312 2932 425 2990 autem
448 2931 529 2991 tulit
551 2932 587 2990 ut
611 2930 651 2990 de
674 2930 745 2990 vita
768 2929 982 3004 moribusque
1006 2928 1266 2991 comanensium
1290 2932 1396 2992 hiero-

158 3043 313 3103 dularum
344 3043 493 3104 docuerit
522 3060 584 3104 nos
614 3046 739 3121 auctor,
763 3044 819 3118 qui
843 3060 919 3105 cum
944 3044 1048 3105 bonae
1070 3044 1176 3119 frugis
1199 3045 1297 3120 plena
1320 3061 1394 3120 pro-

172 3170 245 3218 erre
268 3156 374 3217 soleat
396 3159 431 3217 et
453 3156 516 3218 ilde
541 3158 662 3232 dignus
685 3157 725 3217 ab
744 3157 913 3218 hodiernis
933 3158 1102 3235 habeatur,
1123 3174 1211 3219 nunc
1230 3175 1268 3220 eo
1288 3159 1393 3234 pluris

158 3270 204 3330 sit
244 3270 414 3332 faciendus
447 3271 533 3347 quod
567 3271 701 3347 Dorylai
736 3272 909 3332 cuiusdam
945 3270 1162 3334 comanensis
1196 3273 1392 3348 sacerdotis,

158 3384 258 3446 testis
281 3385 381 3460 igitur
403 3384 540 3461 oculati,
564 3385 664 3446 tuerit
687 3388 861 3459 cognatus.
887 3385 1086 3447 Strabonem
1111 3386 1197 3447 dico.

205 3499 306 3560 lirant
340 3515 379 3560 eo
414 3501 502 3562 teste
537 3499 601 3560 duo
636 3499 762 3574 templa
795 3501 945 3560 eiusdem
976 3500 1070 3576 deae,
1102 3515 1206 3560 unum
1238 3499 1393 3561 (iomanis

159 3613 307 3674 Ponticis
329 3613 370 3673 ad
392 3613 517 3674 flumen
539 3614 622 3690 Irin,
642 3613 785 3674 alterum
807 3614 963 3675 Comanis
982 3613 1102 3676 Aureis
1121 3615 1155 3674 in
1175 3613 1394 3699 cappadocia,

159 3729 340 3800 utrumque
362 3728 460 3804 plane
483 3728 609 3789 eisdem
627 3728 749 3789 ritibus
768 3729 979 3804 institutum,
999 3728 1057 3789 sed
1076 3728 1138 3789 hoc
1156 3729 1247 3803 prius
1266 3728 1392 3790 factum

157 3840 268 3901 fuerat
287 3841 544 3917 metropolisquo
563 3856 583 3901 a
602 3841 750 3901 Ponticis
769 3840 963 3901 habebatur.
984 3841 1159 3902 Ponticum
1179 3841 1260 3902 illud
1277 3841 1393 3902 fanum

158 3954 395 4028 Themiscyrae
440 3955 474 4015 in
516 3955 654 4031 planitie
696 3955 877 4032 uberrima,
922 3970 1006 4029 quae
1040 3955 1167 4015 duobus
1201 3955 1394 4015 fluminibus

156 4068 244 4129 Iride
278 4064 325 4128 et'
346 4069 592 4130 rl'hermodonte
625 4084 763 4144 aspersa
792 4068 982 4143 largissime
1012 4069 1197 4129 humanum
1228 4070 1262 4130 in
1292 4085 1392 4130 usum

194 4323 215 4385 ¹)
232 4327 324 4388 Nemo,
346 4325 449 4388 opinor,
472 4326 536 4376 vitio
554 4327 620 4376 mihi
637 4332 730 4385 vertet,
747 4329 818 4389 qnod
834 4330 881 4376 illa
898 4331 986 4376 omnia
1003 4342 1072 4389 quae
1089 4327 1239 4388 Kldgmaun
1256 4331 1283 4377 in
1301 4329 1395 4376 Rosch.

158 4419 223 4466 Lex.
249 4418 282 4465 de
305 4418 482 4467 Amazonibus
504 4420 581 4468 docte
604 4423 753 4481 composuit
774 4421 816 4469 hle
839 4435 890 4468 non
912 4425 1078 4482 repetuntur.
1096 4422 1187 4470 Varios
1205 4425 1326 4469 auctores
1341 4424 1394 4469 tam

159 4511 283 4569 antiquos
308 4523 387 4569 quam
417 4515 536 4560 recentes
561 4510 600 4559 ibi
623 4512 745 4560 laudatos
767 4527 819 4560 non
842 4513 940 4560 trustra
964 4513 1029 4572 adii;
1051 4527 1115 4574 prae
1138 4513 1234 4560 ueteris
1251 4513 1335 4561 multa
1352 4526 1394 4560 ine

159 4600 251 4650 docuit
274 4603 433 4661 Kldgmanni
460 4603 648 4652 commentatio
672 4606 736 4662 „Die
759 4606 849 4653 Amen.
875 4603 903 4652 in
927 4605 974 4653 der
996 4607 1040 4652 alt.
1062 4607 1113 4654 Lit.
1130 4620 1156 4654 u.
1173 4607 1286 4654 Knnst.'’
1305 4606 1395 4666 Neque

158 4694 264 4753 neglexi
281 4695 354 4742 locos
372 4709 387 4742 ι
403 4696 523 4756 Grnppio
541 4698 648 4754 citatos3
667 4695 819 4758 opinionem
836 4711 923 4746 meam
938 4711 998 4746 oum
1013 4698 1124 4759 Gruppii
1138 4699 1226 4746 verbis
1234 4697 1306 4760 (pag.
1317 4700 1396 4761 1292)

158 4782 312 4846 conspirare
329 4787 441 4844 gaudeo.
