3525 5692
383 701 445 759 122
902 717 942 760 οιι
964 716 1075 760 sinor.

376 900 440 958 qua
470 890 543 947 erat
569 887 704 949 libidine
734 889 831 948 deam
861 888 994 963 saepius
1019 888 1167 948 tentasse
1189 887 1368 960 dicebatur,
1390 885 1469 945 licet
1492 884 1600 958 utpote

376 999 544 1073 terrigena
576 1001 681 1076 ipsius
715 1002 794 1062 deae
828 999 916 1062 lilius
947 1001 1133 1060 haberetur.
1166 997 1313 1059 Conferri
1342 1000 1493 1073 possunt,
1524 1011 1601 1070 quae

377 1115 565 1188 Herodotus
584 1114 652 1191 (IX,
670 1117 724 1187 63)
746 1116 881 1177 tradidit
901 1116 940 1176 de
961 1116 1098 1175 numine
1117 1114 1271 1189 aegyptio
1283 1114 1386 1186 deque
1398 1111 1601 1172 eiusmatre:
1672 1177 1674 1181 ⁸

380 1224 433 1302 ,tv
464 1227 518 1306 ἱρῷ
548 1248 602 1312 τεφ
630 1225 738 1288 οἰκέειν
761 1236 815 1287 τοῦ
831 1225 936 1305 ’Ἀρεος
961 1226 1016 1304 τὴν
1039 1224 1151 1306 μητέρα
1174 1224 1225 1285 παλ
1248 1225 1301 1286 τὸν
1319 1223 1408 1304 ’Ἁρεα
1430 1222 1601 1300 ἀπότροφον

376 1339 541 1420 γενόμενον
572 1339 674 1401 έλθεῖν
704 1338 934 1420 ἐξανδρωμένον
958 1339 1103 1402 έθέλοντα
1126 1350 1162 1425 τη
1186 1338 1274 1417 μητρὶ
1298 1339 1441 1416 συμμῖξαι
1464 1334 1513 1395 καλ
1536 1333 1626 1430 τοὺς,

376 1453 550 1531 προπόλους
574 1463 626 1532 τῆς
650 1454 774 1534 μητρός,
797 1448 845 1516 οἷα
870 1454 927 1516 οὐκ
951 1452 1109 1527 ὀπωπότας
1133 1454 1225 1514 αὐτὸν
1245 1453 1391 1532 πρότερον
1412 1449 1448 1510 οὐ
1461 1457 1601 1529 περιορᾶν

376 1567 519 1647 παρίεναι
537 1566 613 1628 ἀλλὰ
631 1566 809 1648 ἀπερύκειν,
827 1568 879 1629 τὸν
899 1566 932 1629 di
950 1568 980 1640 έξ
997 1569 1088 1648 ἀλλης
1103 1569 1207 1640 πόλιος
1220 1565 1409 1647 ἀγαγόμενον
1421 1563 1603 1643 ἀνθρώπους

376 1681 447 1753 τοός
469 1703 499 1741 τε
521 1682 695 1761 προπόλους
719 1680 846 1763 τρηχέως
870 1688 1028 1763 περισπεῖν
1051 1681 1102 1742 καὶ
1126 1667 1260 1742 ἐσελθεῖν
1283 1679 1365 1757 παρὰ
1389 1677 1443 1756 τὴν
1463 1674 1603 1755 μητέρα”,

421 1795 508 1856 Deae
531 1799 643 1858 autem
669 1798 709 1858 ob
732 1811 865 1858 causam
891 1799 977 1858 infra
1001 1798 1189 1859 accuratius
1217 1799 1315 1869 atque
1337 1795 1445 1855 fusius
1470 1809 1489 1853 a
1512 1790 1601 1850 nobis

376 1909 585 1970 tractandam
611 1911 755 1986 virgines
779 1913 878 1972 certis
891 1927 908 1974 e
921 1912 1097 1987 generibus
1111 1913 1202 1971 ortae
1216 1908 1448 1970 offerebantur.
1462 1904 1604 1966 conferri

374 2025 515 2097 possunt
547 2024 704 2098 Agrionia
734 2025 933 2086 orchomeni
957 2028 1046 2100 acta,
1071 2024 1127 2084 ubi
1151 2024 1332 2098 Minyeides
1353 2020 1476 2081 Bacchi
1501 2033 1603 2080 sacer-

374 2137 486 2196 dotem
510 2124 610 2196 ne'ab
635 2153 672 2198 eo
695 2136 959 2199 interficerentur
982 2138 1126 2212 effugere
1148 2137 1307 2197 solebant.
1330 2134 1456 2195 Fabula
1474 2133 1602 2208 quidem

374 2252 445 2308 erat
480 2250 606 2323 Minyae
641 2249 727 2312 filias
761 2252 930 2313 Bacchum
960 2253 1143 2328 despicatui
1174 2252 1346 2325 habuisse,
1377 2249 1475 2308 deum
1508 2243 1603 2320 igitur
1724 2307 1725 2316 ,

379 2361 515 2423 victima
548 2365 745 2438 placandum
782 2381 864 2442 esse,
901 2367 959 2426 sed
990 2382 1007 2427 e
1042 2365 1211 2425 Plutarchi
1245 2364 1353 2424 verbis
1376 2362 1510 2433 (Anton.
1534 2359 1602 2428 24):

379 2474 550 2549 ,Atcvveog
569 2482 632 2546 τοῖς
650 2482 771 2550 πολλοῖς
790 2470 829 2556 ἦν
850 2475 988 2556 ὠμηστὴς
1007 2476 1057 2538 καλ
1076 2476 1258 2557 ἀγριώνος”,
1278 2477 1362 2536 satis
1378 2476 1529 2550 apparet,
1553 2470 1603 2545 agi

376 2588 415 2648 de
438 2591 573 2652 numine
596 2593 739 2665 quodam
758 2592 972 2654 fecunditatis
991 2593 1043 2653 cui
1061 2592 1207 2666 virgines
1225 2591 1352 2664 piaculo
1371 2587 1601 2649 offerebantur.

421 2701 575 2764 victimis
597 2706 741 2780 acceptis
764 2707 885 2766 ceteris
904 2705 1058 2766 omnibus
1078 2706 1253 2779 benignam
1275 2719 1311 2764 se
1329 2699 1520 2777 praestabat
1529 2699 1600 2773 dea,

375 2814 536 2877 sacrificio
547 2822 660 2878 autem
673 2819 796 2880 omisso
808 2820 860 2880 vel
871 2820 1064 2880 intermisso
1077 2820 1196 2880 civitas
1208 2819 1242 2879 in
1253 2816 1398 2893 periculo
1412 2815 1601 2876 versabatur

600 2931 758 3006 φθίνουσα
781 2928 835 3009 μέν
858 2933 982 3004 κόλαξιν
1005 2930 1166 3011 έγιιάρποις
1187 2930 1300 3010 χθονός

599 3045 757 3120 φθίνουσα
781 3040 809 3105 δ’
835 3043 955 3126 ἀγέλαις
977 3043 1143 3125 βουνόμοις
1165 3043 1280 3105 τόνοισέ
1302 3064 1331 3102 τε

598 3157 721 3239 ἀγόνοις
742 3169 906 3240 γυναικῶν.

421 3272 464 3331 nt
498 3273 584 3334 siout
617 3275 651 3334 in
683 3276 850 3350 Agrioniis
884 3278 999 3352 postea
1033 3291 1119 3336 nova
1150 3275 1301 3350 quaesita
1331 3277 1384 3335 est
1413 3274 1513 3348 ratio,
1538 3287 1599 3347 qua

377 3387 576 3461 Minyeidum
601 3369 799 3450 sacrificium
824 3390 983 3466 explicari
1001 3393 1127 3464 posset,
1148 3391 1196 3450 sic
1211 3390 1298 3449 inter
1317 3388 1464 3448 Locridis
1476 3401 1600 3462 quoque

373 3501 498 3562 incolas
528 3506 721 3577 posterioris
744 3506 866 3566 aetatis
890 3507 964 3565 orta
987 3507 1040 3565 est
1062 3504 1186 3580 fabula,
1211 3504 1305 3564 cuius
1328 3505 1441 3578 partes
1463 3501 1603 3577 agebant

375 3618 446 3675 tam
481 3617 537 3677 ille
571 3619 738 3694 terrigena
771 3634 870 3692 quam
906 3619 968 3679 dea
998 3615 1157 3696 ἐπιχωρίαε
1187 3616 1308 3678 idcirco
1340 3617 1429 3677 enim
1460 3617 1602 3691 virgines

376 3729 562 3791 offerendae
593 3732 794 3809 dicebantur,
826 3732 981 3806 quoniam
1012 3731 1192 3808 terrigena,
1229 3731 1282 3791 vel
1315 3732 1412 3790 heros
1442 3731 1476 3790 in
1508 3743 1602 3803 quem

376 3846 527 3904 mutatus
550 3849 623 3906 erat
646 3847 697 3916 (cf.
721 3861 805 3920 qnae
827 3863 928 3921 supra
950 3847 1202 3907 observavimus
1222 3847 1261 3905 de
1280 3845 1435 3906 Aloeadis
1454 3843 1604 3906 heroibus

375 3957 498 4033 factis),
531 3959 564 4018 in
588 3961 698 4035 deam,
725 3960 776 4020 vei
799 3962 909 4034 potius
930 3961 964 4020 in
987 3962 1060 4021 eius
1082 3960 1241 4020 vicariam
1266 3961 1477 4033 terrestrem,
1503 3971 1603 4017 sacer·

376 4071 502 4147 dotem,
527 4073 701 4133 conamina
723 4088 786 4134 sua
808 4052 984 4135 libidinosa
1007 4075 1190 4148 temptasse
1214 4047 1390 4134 ferebatur.
1411 4073 1508 4148 Nam,
1531 4085 1601 4132 cum

375 4184 551 4257 aliquando
581 4201 651 4246 rem
683 4186 843 4246 nefariam
866 4187 899 4246 in
923 4159 996 4262 ipso
1020 4188 1099 4247 deae
1121 4184 1234 4262 τεμένει
1258 4188 1445 4261 perpetrare
1467 4188 1602 4246 conatus
1689 4202 1695 4210 ¹

375 4313 482 4375 aram,
511 4314 575 4373 quo
607 4301 699 4374 virgo
731 4300 948 4378 confugisset,
981 4302 1190 4362 contemnere
1213 4315 1278 4360 non
1301 4301 1501 4378 dubitasset,
1532 4303 1601 4361 tum

375 4412 436 4472 dea
476 4408 616 4477 terribili
655 4415 846 4488 pestilentia
881 4431 980 4490 agros
1012 4416 1189 4476 infestaret
1219 4415 1398 4489 auditaque
1433 4417 1505 4475 erat
1538 4427 1599 4474 vox

375 4525 499 4600 placari
521 4542 595 4588 eam
618 4542 683 4588 non
706 4544 818 4605 posse,
841 4530 907 4589 nisi
929 4529 1075 4604 virgines
1098 4529 1252 4590 Locrides
1276 4529 1441 4603 piaculum
1465 4530 1600 4589 luerent.

422 4639 509 4715 Quae
532 4643 644 4701 autem
665 4659 685 4703 a
704 4642 832 4703 civibus
851 4643 1017 4704 destrictis
1038 4643 1172 4704 ensibus
1193 4676 1232 4686 -
1258 4645 1295 4702 ut
1317 4645 1350 4703 in
1375 4642 1541 4717 Agrioniis
1560 4673 1598 4684 -

375 4754 499 4830 petitae
529 4756 614 4816 dolis
644 4758 697 4818 vel
720 4757 820 4818 celeri
851 4773 950 4818 cursu
974 4774 1093 4819 manns
1123 4759 1274 4819 letiferas
1304 4757 1501 4831 effugientes
1524 4758 1600 4818 deae
