3525 5692
369 688 412 747 98
893 697 935 740 nr
958 695 1069 740 lucr.

367 874 482 934 contra
504 868 765 946 Hippocentidas
786 870 952 942 suscepta.
983 867 1045 927 Sed
1069 866 1219 941 Cepheus
1240 868 1287 928 ibi
1307 869 1448 946 interiit,
1471 872 1509 930 ut
1529 871 1597 931 duo

367 986 426 1046 alii
454 984 651 1044 interierant
672 983 805 1056 heroes,
830 982 886 1056 qui
909 981 1042 1042 Herculi
1065 983 1152 1041 teste
1174 982 1340 1043 Pausania
1362 983 1462 1059 (VIII,
1488 986 1539 1060 15,
1562 987 1596 1053 6)

365 1100 400 1159 in
423 1097 509 1158 bello
527 1098 643 1157 contra
664 1095 791 1154 Elidem
815 1096 911 1169 gesto
934 1093 1082 1154 tulerant
1104 1109 1212 1169 opem.
1238 1095 1385 1155 Fuerunt
1407 1095 1597 1158 chalcodon

366 1209 647 1272 et....'l¹eiamo.

410 1327 495 1386 Sunt
522 1325 627 1397 enim,
654 1323 694 1381 ut
715 1322 898 1383 Pausaniae
920 1321 1101 1382 afferamus
1131 1323 1246 1399 verba,
1277 1339 1376 1400 prope
1397 1324 1438 1385 ab
1461 1325 1594 1386 Pheneo

364 1438 541 1513 sepulchra
570 1452 700 1511 eorum,
732 1435 788 1508 qui
818 1433 996 1495 Herculem
1025 1434 1060 1494 in
1082 1435 1292 1510 expeditione
1315 1437 1476 1497 adversus
1496 1437 1595 1499 lileos

364 1551 468 1611 adiuti
489 1551 626 1611 domum
649 1563 717 1609 non
739 1548 926 1608 redierant:

410 1661 578 1741 „ridemur
612 1658 646 1721 δέ
679 1659 821 1737 Τελαμὼν
851 1656 906 1737 μέν
936 1657 1082 1739 ἐγγύτατα
1111 1669 1166 1721 τοῦ
1196 1670 1334 1740 ποταμοῦ
1357 1670 1412 1722 τού
1434 1663 1591 1742 Ἀροανίου

366 1776 538 1835 Χαλκώδων
573 1771 607 1835 δέ
640 1773 678 1835 ού
708 1773 812 1852 πόρρω
842 1773 959 1850 κρήνης
988 1770 1177 1852 καλουμένης
1210 1773 1367 1853 Οἰνόης,
1398 1773 1451 1836 τὸν
1473 1772 1528 1853 μέν
1551 1774 1590 1853 δή

356 1885 563 1968 Ἐλεφήνορος
592 1897 647 1948 τού
676 1886 851 1965 Εὐβοεῦσιν
874 1883 904 1956 ές
920 1883 1015 1945 ’Ίλιον
1036 1882 1233 1965 ἡγησαμένου
1256 1885 1308 1946 καλ
1329 1887 1382 1947 τὸν
1405 1887 1537 1960 Αἴαντός
1558 1910 1591 1948 τε

361 2000 414 2062 καλ
449 2003 602 2079 Τεύκρου,
634 2000 749 2061 τούτων
783 1996 839 2077 μέν
869 1999 940 2070 τοὺς
970 1996 1101 2078 πατέρας
1132 1998 1189 2060 ούκ
1218 1997 1399 2073 ἀποδέξαιτο
1429 1998 1469 2060 ἄν
1492 2024 1533 2073 τις
1556 1999 1589 2061 έν

360 2117 455 2201 τούτφ
485 2120 588 2176 πεσεῖν
619 2125 659 2197 τῷ
689 2111 794 2193 ἀγῶνι.
823 2121 888 2185 πῶς
915 2109 971 2190 μέν
993 2111 1051 2193 γὰρ
1074 2109 1112 2172 ἂν
1135 2113 1354 2193 συνεπελάβετο
1371 2108 1515 2194 Ἡρακλεῖ
1534 2123 1588 2174 τοῦ

360 2229 450 2309 ἔργον
474 2228 665 2303 Χαλκώδων,
694 2222 732 2287 ὃν
754 2226 903 2306 πρότερον
928 2224 971 2286 ἔτι
994 2223 1170 2287 ἀποκτεῖναι
1193 2227 1383 2305 Ἀμφιτρύων
1405 2225 1457 2287 καὶ
1480 2250 1590 2305 μαρτν-

359 2348 453 2421 ρεῖται
486 2340 538 2401 καλ
568 2341 721 2404 πιστεύειν
750 2337 820 2412 ύξιύ
850 2337 932 2399 έστιν
962 2337 996 2399 έν
1025 2339 1158 2419 Θήβαις;
1179 2349 1245 2413 πώς
1268 2336 1302 2400 δέ
1326 2344 1459 2418 Τεῦκρος
1481 2340 1587 2424 ᾤκισεν

359 2453 399 2514 διν
432 2459 594 2532 Σαλαμῖνα
625 2452 658 2514 έν
689 2453 806 2538 Κύπρῳ
835 2452 925 2513 πόλιν
955 2451 1101 2530 μηδενύς,
1130 2450 1171 2525 ὡς
1193 2450 1378 2534 ἀνέστρεψεν
1401 2451 1436 2513 έκ
1461 2455 1588 2534 Τροίας,

362 2567 541 2648 ἐκβαλόντος
565 2566 598 2627 έκ
619 2575 672 2645 τῆς
696 2566 824 2640 oiseium
847 2565 890 2636 τίς
914 2560 943 2625 δ’
969 2562 1007 2624 διν
1031 2563 1174 2643 έξήλασεν
1197 2565 1287 2640 ἄλλος
1308 2565 1390 2644 πλήν
1410 2563 1426 2627 δ
1448 2567 1588 2646 Τελαμών

360 2681 476 2756 αύτύν;
501 2681 578 2760 δῆλα
600 2672 657 2741 ούν
681 2679 742 2741 έστλ
766 2679 970 2740 Χαλκώδοντα
994 2678 1032 2739 ού
1061 2678 1116 2740 τδν
1138 2677 1168 2752 έξ
1191 2679 1330 2760 Εύβολας
1353 2678 1404 2740 καλ
1426 2685 1588 2759 Τελαμῶνα

359 2795 397 2856 ού
427 2793 480 2855 τὸν
514 2793 681 2873 Αἰγινήτην
711 2790 761 2853 erl
787 2788 925 2864 Ἠλείους
950 2787 1096 2871 Ἡρακλεῖ
1117 2791 1330 2873 μετεσχηκέναι
1352 2801 1405 2872 τής
1428 2795 1588 2873 στρατείας·

360 2904 518 2988 ὁμώνυμοι
541 2904 575 2967 δέ
597 2905 778 2984 έπιφανέσιν
799 2904 909 2987 ἄνδρες
933 2903 1135 2987 ἀφανέστεροι
1157 2905 1208 2966 καλ
1231 2905 1280 2985 ἐφ’
1300 2903 1388 2985 ἡμῶν
1407 2905 1449 2966 ἔτι
1467 2905 1518 2968 καλ
1539 2906 1588 2968 τὸν

357 3021 479 3081 ἅπαντα
502 3019 639 3101 ἐγίνοντο
665 3016 776 3098 δμοίως
799 3018 942 3098 χρόνον”.

400 3138 448 3198 Ad
485 3138 606 3198 incitas
640 3138 742 3212 igitur
771 3136 925 3197 redactus
956 3137 1139 3197 Pausanias
1168 3150 1208 3197 eo
1230 3137 1336 3210 venit,
1360 3139 1399 3198 ut
1421 3138 1585 3197 statueret

354 3254 441 3312 bunc
471 3250 686 3311 Telamonem
716 3250 757 3310 ab
780 3250 893 3310 Aiacis
916 3252 1011 3325 patre
1033 3250 1132 3326 plane
1154 3251 1260 3311 inisse
1282 3251 1468 3325 diversum,
1493 3250 1583 3312 Obel-

354 3366 527 3425 codontem
551 3380 617 3426 non
639 3365 744 3425 fuisse
767 3365 903 3425 beroem
927 3379 970 3424 ex
992 3364 1124 3426 Euboea
1146 3365 1335 3426 oriundum.

397 3478 459 3538 Sed
490 3478 670 3538 scholiasta
704 3478 746 3539 ad
779 3479 874 3538 Pind.
906 3478 956 3542 Ol.
987 3479 1002 3537 Ι
1035 3479 1098 3538 114
1138 3477 1394 3541 Chalcodontem
1429 3479 1581 3539 numerat

353 3593 440 3652 inter
470 3591 711 3667 Hippodamiae
740 3606 870 3667 procos,
895 3590 974 3652 licet
997 3606 1074 3651 eum
1098 3595 1267 3668 nuncupet
1289 3608 1356 3654 non
1380 3591 1583 3652 Χαλκώδοντα

352 3706 411 3766 sed
441 3703 608 3764 Χάλκοντα.
638 3706 716 3780 Ipsa
746 3705 894 3765 nominis
921 3704 1029 3765 forma
1057 3737 1095 3746 -
1118 3707 1208 3766 recte
1231 3706 1424 3767 observavit
1447 3706 1582 3765 Immer-

351 3820 445 3878 wabr
479 3818 582 3879 Kulte
615 3819 800 3879 Arkadiens
834 3834 865 3892 p.
893 3820 955 3878 115
984 3850 1022 3860 -
1047 3819 1157 3894 prodit
1187 3835 1263 3880 eum
1293 3819 1399 3880 fuisse
1429 3833 1533 3880 unum
1563 3832 1580 3876 e

349 3932 492 4009 spartis,
517 3937 628 3992 ortum
651 3933 753 4006 igitur
775 3931 907 3993 Thebis.
932 3931 981 3992 Ex
1003 3947 1112 4007 angue
1132 3935 1226 3993 ortus
1246 3933 1435 4008 sepulcrum
1456 3930 1582 3993 invenit

350 4047 446 4105 iuxta
479 4046 607 4105 iontem
643 4045 696 4104 cui
731 4060 854 4105 nomen
887 4042 991 4122 Οἰνόη.
1023 4045 1094 4106 Ηοο
1126 4061 1204 4107 vero
1234 4061 1355 4107 nomen
1389 4046 1423 4106 in
1447 4044 1580 4106 Locride

349 4173 477 4232 quoque
507 4159 724 4233 repperimus.
755 4157 939 4218 versamur
968 4158 1070 4232 igitur
1101 4159 1135 4218 in
1165 4158 1340 4219 nominum
1364 4159 1450 4220 serie
1473 4157 1581 4218 media

349 4286 367 4331 e
389 4271 525 4332 Graecia
547 4272 581 4331 in
605 4270 870 4345 Peloponnesum
894 4271 1147 4332 translatorum.

392 4385 504 4458 Neque
516 4384 692 4444 observatu
705 4384 878 4458 indignum
891 4385 943 4444 est
955 4384 989 4444 in
999 4384 1240 4461 Hippodamiae
1249 4400 1422 4460 procorum
1431 4385 1580 4459 catalogo

347 4498 456 4558 locum
482 4498 633 4558 obtinere
657 4498 811 4573 Pelopem
839 4498 1011 4572 Opuntium
1035 4499 1112 4569 (vid.
1140 4495 1362 4560 ScholPind.
1384 4499 1432 4561 01.
1454 4499 1577 4574 1114),

347 4612 432 4671 unde
455 4615 526 4672 tam
549 4613 672 4673 Robert
694 4629 795 4687 quam
815 4614 946 4689 Gruppe
964 4613 1145 4674 effecerunt
1164 4614 1405 4689 Hippodamiae
1425 4613 1578 4688 mythum

345 4726 380 4785 in
404 4725 478 4800 ipsa
501 4725 645 4800 Opuntia
668 4730 786 4786 natum
812 4727 888 4787 inde
913 4727 1102 4802 Olympiam
1127 4743 1202 4788 esse
1225 4726 1398 4787 tralatum.
