3525 5692
726 713 767 758 nn
789 714 901 760 Amor.
1391 696 1431 756 27

204 885 254 961 ,0¹
280 886 367 946 Aiax
390 885 598 962 Tolumnio,
623 885 692 946 noli
715 899 770 946 mo
793 887 978 962 despicere,
1002 900 1082 946 nam
1106 899 1167 960 ego
1191 898 1321 958 quoque
1342 883 1432 945 belli·

203 1013 317 1061 carum
341 1000 463 1061 artium
486 1015 561 1060 sum
586 999 725 1076 peritus,
752 1001 932 1074 Martisque
955 1000 1056 1060 choro
1080 998 1232 1059 initiatus
1254 999 1365 1058 sum.”

246 1115 281 1174 N
302 1114 366 1174 823
390 1129 461 1189 sqq.
484 1114 570 1176 Aiax
593 1129 659 1176 non
683 1115 755 1175 sine
779 1114 871 1176 omni
890 1114 997 1174 ironia
1014 1113 1191 1174 Hectorem
1211 1111 1303 1174 hisce
1322 1110 1432 1172 verbis

203 1227 243 1289 ad
274 1229 444 1291 certamen
474 1228 644 1304 singulare
673 1231 850 1305 provocat:
885 1228 1057 1307 ,turpiora
1087 1226 1192 1307 σχεδὸν
1223 1224 1345 1304 ἐλθέΙ”,
1380 1227 1433 1288 oui

190 1343 363 1406 Troianus
403 1343 454 1406 ira
494 1343 732 1406 exardescens:
775 1337 877 1420 ,Αίαν
916 1339 1138 1423 &pomorania
1172 1340 1312 1423 βουγάιε,
1340 1344 1430 1400 ποῖον

201 1453 361 1528 ἔίειιιεςΨ
397 1457 460 1518 Hic
492 1472 620 1531 quoque
655 1473 675 1518 a
708 1458 864 1532 loquendi
896 1459 1026 1520 ratione
1060 1458 1146 1519 inter
1179 1457 1297 1519 heroes
1332 1454 1433 1516 solita

202 1570 343 1632 discedit
352 1573 486 1646 neuton
506 1571 719 1633 conferantur
738 1572 851 1649 modo,
872 1587 956 1646 quae
975 1572 1208 1646 Agamemnon
1232 1573 1266 1631 et
1287 1568 1434 1631 Achilles

202 1683 268 1745 eibi
290 1684 436 1746 invicem
459 1686 615 1749 inierant.
1119 1760 1122 1766 ,

245 1799 282 1858 Η
301 1760 584 1872 195Ᾱ19ίωι1111
603 1817 683 1862 suos
703 1801 901 1864 adhortatur
919 1800 1180 1877 commilitones,
1200 1802 1238 1861 ut
1250 1814 1308 1876 pro
1320 1798 1429 1860 saluto

203 1927 266 1974 sua
288 1917 480 1990 precentur:

423 2023 486 2089 δείλ’
513 2024 588 2111 ἄγετ’
615 2027 697 2111 ὄφρα
719 2024 749 2090 ν’
775 2027 832 2111 ἐγὼ
854 2029 1005 2108 πολεμήια
1026 2029 1130 2109 τεύχεα
1154 2027 1218 2090 διίω

425 2138 510 2224 τόφρ’
535 2135 609 2222 δμες
632 2141 758 2224 εὔχεσθε
780 2142 833 2205 Διί
857 2144 1012 2225 Κρονίωνι
1033 2143 1180 2222 falcono,

204 2255 515 2351 sequunturlrerba
537 2257 629 2320 vario
652 2258 751 2320 modo
773 2258 959 2320 intellecta:
979 2247 983 2252 ’
1036 2311 1038 2315 ,

320 2358 403 2442 mi
429 2380 498 2456 σιμῇ
521 2365 565 2448 ἐφ’
592 2369 717 2450 ὑμείων,
739 2370 791 2432 ίνα
814 2370 856 2451 μὴ
883 2369 981 2452 Τρῶές
1002 2393 1036 2452 με
1057 2372 1220 2433 πύθωνται

426 2479 461 2562 ἠὲ
484 2482 536 2545 καί
559 2482 730 2564 ἀμφαδίην,
753 2482 817 2546 ίπεί
840 2482 878 2546 νδ
901 2508 970 2546 τινα
994 2483 1140 2564 δίδίιμεν
1163 2483 1268 2564 ἔμπης·

374 2601 396 2646 4
428 2596 465 2658 οὐ
488 2598 613 2680 γάρτίς
636 2621 673 2676 με
696 2599 748 2683 βίῃ
772 2620 805 2680 γε
827 2597 929 2661 feudo
953 2596 1104 2661 ἂίίιιοντα
1127 2599 1242 2678 δίηται,

424 2710 499 2774 νδδί
522 2736 549 2774 ιι
571 2713 705 2798 ίιδριίῃ,
729 2711 793 2775 tarel
817 2709 885 2776 οὐδ’
911 2710 962 2793 ίμὲ
984 2714 1099 2793 νήδιδά
1120 2709 1255 2794 μὀδιως

423 2825 576 2907 ίέλιννμνι
599 2826 632 2890 ίν
653 2832 807 2908 Σαλαμῖνι
831 2827 975 2910 γενέσθαι
998 2851 1028 2891 ιε
1050 2827 1201 2910 τραφέμεν
1223 2850 1262 2889 τε.

245 2940 316 3002 Hos
339 2957 458 3004 versus
481 2943 522 3004 ab
544 2943 658 3008 Alanis
681 2945 830 3006 moribus
853 2960 929 3007 asse
953 2945 1079 3008 alienos
1102 2960 1179 3006 oum
1197 2943 1431 3005 Alexandrinis

199 3056 360 3129 putarunt
377 3056 578 3120 recentiores
597 3060 758 3123 nonnulli.
779 3061 948 3138 ,Nonne”,
969 3062 1019 3123 ita
1036 3062 1181 3137 rogatur,
1203 3058 1334 3136 ,herois
1354 3072 1429 3118 cum

199 3167 309 3230 indole
332 3171 497 3248 congruit,
519 3174 695 3248 postquam
715 3175 964 3237 commilitones
977 3191 1084 3251 paroc
1103 3190 1183 3236 voce
1201 3175 1239 3235 ut
1257 3173 1433 3248 precentur

201 3283 420 3360 commonuit,
442 3284 553 3347 subito
573 3290 686 3349 mente
707 3303 869 3350 conversa
889 3289 1024 3351 addere:
1048 3292 1103 3366 ,at
1120 3304 1177 3365 per
1196 3303 1251 3348 me
1269 3287 1348 3346 licet
1366 3286 1431 3347 olto

201 3411 282 3458 voce
316 3398 511 3477 precamini,
548 3402 706 3473 quoniam
740 3402 870 3463 nullum
904 3403 1175 3478 pertimescimus
1209 3414 1315 3475 neque
1345 3399 1433 3461 ullus

200 3525 255 3571 me
279 3512 312 3573 vi
334 3513 387 3574 vel
411 3516 483 3575 arte
506 3514 652 3577 bellandi
674 3517 835 3594 repellere
858 3517 1016 3592 potest”?
1041 3516 1231 3592 „Minima”
1255 3514 1432 3590 respondet

201 3623 438 3705 Wilamowitz,
477 3643 565 3704 ,wer
599 3631 634 3690 in
668 3630 850 3693 drommem
885 3631 984 3692 smne
1019 3630 1061 3691 eh
1091 3645 1128 3690 es
1158 3644 1235 3690 zum
1259 3628 1429 3690 schweren

202 3737 343 3815 Kampte
366 3741 447 3815 geht
470 3742 522 3804 die
547 3743 727 3806 Gelahrten
751 3745 851 3806 bittet
873 3745 926 3806 fiir
949 3745 1008 3805 ihn
1031 3760 1072 3805 zu
1095 3743 1208 3820 beten,
1229 3743 1286 3803 der
1304 3756 1430 3802 renom-

202 3851 283 3937 mirt
305 3853 413 3931 nicht,
434 3855 512 3916 dass
533 3857 648 3919 keiner
666 3858 738 3920 111111
757 3873 799 3920 an
820 3859 918 3920 Kralt
938 3859 1003 3920 und
1023 3855 1322 3920 deschioklicnkeit
1340 3855 1431 3916 iiber-

200 3963 298 4040 legen
318 3968 400 4030 sei.”
424 3968 564 4045 Egregia
588 3972 699 4041 verba.
721 3973 848 4034 Monuit
871 3976 985 4035 autem
1008 3973 1097 4035 idem
1120 3987 1151 4033 v.
1175 3972 1206 4033 d.
1230 3970 1432 4032 servandum

203 4091 277 4139 esse
308 4095 463 4144 versum:
496 4092 566 4167 σιγῇ
598 4079 643 4162 ἐφ’
676 4082 802 4164 ὑμείων,
831 4085 883 4145 ἵνα
913 4083 955 4163 μὴ
981 4082 1080 4166 Τρῶές
1103 4107 1136 4165 γε
1158 4084 1335 4160 πύθωνται,
1356 4083 1435 4145 licet

201 4191 243 4251 ab
263 4193 412 4268 antiquis
432 4201 654 4272 expungatur.
676 4198 871 4261 Cavendum
893 4201 984 4261 enim
1003 4200 1107 4265 luisse
1126 4198 1221 4260 Aiaci
1233 4212 1275 4260 ne
1287 4197 1434 4259 hostium

199 4319 315 4379 preces
355 4307 424 4369 illis
466 4311 666 4374 Graecorum
707 4314 793 4389 apud
827 4314 909 4375 deos
942 4316 1113 4375 nocerent.
1148 4311 1299 4375 Profiteri
1333 4312 1435 4387 igitur

199 4419 337 4482 Aiacem
368 4439 405 4484 se
435 4426 527 4489 nullo
558 4428 657 4490 modo
688 4428 779 4490 Iovis
809 4428 935 4513 auxilio
959 4442 1072 4489 carere
1095 4442 1203 4504 posse,
1229 4428 1278 4488 uti
1300 4442 1359 4502 par
1383 4428 1434 4486 est

199 4532 349 4608 profiteri
372 4553 466 4617 eum,
490 4542 546 4615 qui
569 4542 668 4602 modo
692 4542 802 4604 socios
826 4545 863 4602 ut
885 4557 944 4617 pro
968 4557 1005 4602 se
1028 4544 1242 4617 precarentur
1264 4541 1400 4616 rogarit.

243 4647 368 4710 Versus
398 4666 477 4715 vero
511 4655 572 4717 197
606 4671 676 4730 sqq.
700 4657 828 4732 servari
851 4671 918 4718 non
940 4671 1040 4733 posse
1063 4655 1130 4717 alia
1152 4670 1280 4731 quoque
1302 4655 1430 4716 ratione

197 4759 335 4835 probari·
357 4769 478 4840 potest.
504 4769 570 4832 Fac
593 4771 682 4833 enim
710 4771 847 4834 Aiacem
870 4768 975 4834 iuis‘se
998 4771 1171 4834 hominem
1194 4771 1351 4846 impium,
1375 4769 1430 4845 qui
