3525 5692
416 707 480 765 130
937 715 979 760 nn
1001 713 1111 758 Amce.

454 893 523 953 Nos
553 907 681 966 quoque
711 890 878 952 credimus
908 887 992 948 Oilei
1021 901 1142 947 nomen
1169 886 1356 946 deriuatum
1380 902 1455 947 esse
1479 887 1518 946 ab
1539 885 1614 960 Apol·

409 1007 489 1067 linis
512 1005 646 1081 epiclesi
667 1005 810 1066 locrensi
825 1000 921 1074 Ἴλευς
944 1000 997 1062 vel
1019 999 1132 1070 frisie.
1155 1000 1242 1060 Aiax
1264 999 1426 1061 locrensis
1439 1000 1616 1075 —priscun

409 1120 504 1181 illum
524 1119 694 1195 volumus,
715 1119 772 1192 qui
789 1120 860 1178 tarn
881 1115 1041 1176 maiorem
1063 1128 1163 1186 quam
1183 1113 1347 1174 minorem
1366 1114 1616 1193 amplectebatur,

409 1235 544 1295 nomine
566 1250 626 1295 suo
652 1267 693 1278 -
716 1233 883 1306 terrigena
905 1227 1069 1289 audiebat.
1100 1227 1234 1287 Patrem
1261 1242 1327 1287 non
1350 1226 1510 1288 curabant
1532 1227 1615 1287 bomi-

408 1363 480 1409 nes.
511 1348 588 1422 Sed,
620 1362 696 1408 cnm
726 1347 888 1408 orientem
913 1357 1033 1404 versus
1054 1341 1222 1415 emigrans
1244 1341 1284 1400 ad
1308 1341 1502 1402 Saronicum
1524 1342 1615 1401 einum

409 1477 485 1523 cum
519 1461 698 1522 Telamone
732 1456 1003 1532 coniungebatur,
1036 1469 1102 1515 non
1137 1455 1278 1530 poterat,
1312 1455 1392 1529 quin
1426 1454 1476 1514 illi
1509 1470 1617 1529 quoque

409 1576 516 1651 Aiaci,
553 1576 609 1650 qui
642 1576 677 1637 in
711 1572 847 1635 Locride
881 1569 1115 1644 remansisset,
1139 1568 1245 1643 patris
1267 1584 1391 1630 nomen
1412 1571 1616 1642 quaereretur.

408 1690 571 1766 Apollinis
604 1693 685 1751 tunc
718 1700 902 1761 cognomen
937 1684 967 1744 ei
997 1698 1056 1757 pro
1085 1684 1180 1758 patre
1209 1682 1281 1742 fuit.
1311 1683 1375 1743 Avi
1405 1699 1485 1744 vero
1515 1697 1616 1743 nomeu

404 1802 623 1863 Hodoedocus
653 1817 769 1862 veram
800 1799 910 1860 herois
940 1797 1104 1871 originem
1134 1795 1281 1856 indicare
1310 1795 1480 1871 pergebat.
1503 1795 1617 1870 Excogi-

403 1918 520 1976 tarunt
541 1911 670 1976 'deinde
705 1914 859 1975 homines
892 1910 1057 1987 fabulam,
1091 1925 1156 1984 qua
1194 1910 1400 1985 explicarent
1432 1910 1502 1987 ubi,
1532 1912 1614 1986 unde,

404 2030 549 2104 quaudo,
573 2029 672 2090 heros
694 2029 783 2089 Ileus
808 2026 860 2088 vel
885 2026 997 2087 Oileus
1020 2026 1120 2085 natus
1140 2026 1239 2085 esset.
1258 2024 1324 2085 Res
1343 2024 1417 2100 ipsa
1435 2024 1569 2101 terebat,
1586 2028 1616 2085 ut

404 2158 480 2203 curn
500 2142 717 2204 celeberrima
735 2140 949 2202 Locrensium
969 2138 1098 2200 colonia
1118 2173 1158 2182 -
1179 2153 1263 2212 quae
1282 2140 1316 2198 et
1335 2138 1408 2214 ipsa
1420 2139 1462 2198 ab
1474 2138 1617 2215 Apollinis

404 2257 539 2331 epiclesi
561 2271 683 2317 nomen
703 2254 907 2316 ducebat-
928 2252 1064 2314 heroem
1089 2253 1337 2328 coniungerent.
1362 2254 1441 2314 Sero
1467 2256 1571 2314 autern
1590 2253 1616 2312 iu

404 2369 550 2428 carmine
569 2370 723 2445 apparuit
740 2368 796 2429 1116
816 2368 946 2444 Oileus,
971 2368 1019 2428 ita
1036 2383 1111 2428 sero
1130 2369 1168 2428 ut
1185 2368 1284 2429 beros
1303 2383 1503 2443 magnarum
1521 2383 1614 2428 rerum

403 2483 576 2556 gestarum
619 2481 690 2542 11611
733 2497 799 2542 non
840 2480 985 2556 amplius
1026 2480 1181 2555 potuerit.
1223 2481 1288 2542 Fac
1328 2481 1418 2542 enirn
1453 2483 1616 2543 Locrenses

404 2596 539 2656 colonos
561 2596 690 2655 decimo
714 2594 769 2655 vel
792 2594 1037 2655 nonosaeculo
1060 2595 1159 2654 deum
1184 2609 1284 2654 suum
1306 2591 1393 2654 11116
1415 2595 1451 2655 in
1474 2596 1616 2656 Troadem

404 2724 520 2769 secum
552 2708 703 2784 duxisse,
736 2708 852 2768 Troiae
876 2708 1072 2769 devastatae
1093 2708 1203 2769 locum
1227 2709 1304 2770 buic
1326 2710 1386 2770 deo
1410 2723 1618 2770 consecrasse.

403 2823 588 2883 Narrarunt
618 2821 736 2882 deinde
765 2822 827 2882 hoc
856 2837 981 2882 numen
1005 2837 1137 2897 semper
1159 2821 1292 2883 Troiam
1315 2821 1502 2899 habitasse,
1524 2823 1569 2883 ita
1588 2823 1618 2880 ut

402 2937 436 2996 in
473 2934 691 3008 carminibus,
726 2949 809 3007 quae
843 2935 960 2995 Troiae
994 2936 1273 3010 oppugnationem
1308 2938 1480 3013 canerent,
1515 2936 1565 2996 Ilii
1594 2937 1621 2994 61

403 3049 568 3124 Apollinis
617 3048 753 3108 nomina
802 3049 978 3109 coniuncta
1018 3050 1252 3124 proferrentur.
1297 3049 1359 3110 Sed
1401 3065 1478 3110 cum
1520 3063 1622 3112 omnes

403 3163 559 3223 Graeciae
594 3162 733 3237 populos
763 3163 862 3222 buius
893 3163 1150 3237 oppugnationis
1180 3162 1358 3238 participes
1386 3163 1491 3225 luisse
1513 3177 1620 3224 memo·
1710 3155 1711 3160 ’

402 3280 515 3338 rarent
544 3277 734 3352 rhapsoedi,
765 3292 842 3337 cum
873 3277 960 3337 inter
986 3277 1103 3338 beroes
1126 3277 1236 3338 locum
1259 3278 1457 3352 primarium
1482 3278 1620 3338 attribue-

402 3393 475 3450 rent
509 3390 603 3450 Aiaci
637 3390 829 3451 Telamonio
862 3406 882 3450 a
917 3391 993 3450 sinu
1028 3392 1184 3453 Saronico
1219 3393 1358 3453 oriundo
1392 3406 1491 3453 verae
1525 3390 1620 3452 herois
1709 3387 1710 3402 ³

402 3504 528 3579 patriae
558 3485 670 3580 obliti,
705 3519 848 3579 magnus
870 3504 927 3565 1116
950 3505 1037 3565 Aiax
1060 3501 1224 3583 ὁμώνυμον
1246 3521 1346 3567 suurn
1370 3506 1532 3567 minorem
1555 3505 1620 3565 ante

402 3618 518 3679 Troiae
541 3619 673 3679 moenia
695 3634 810 3679 secum
833 3618 939 3680 duxit.
964 3620 1091 3680 Horum
1115 3621 1205 3681 enirn
1225 3621 1362 3681 nomina
1380 3619 1525 3694 disiungi
1541 3620 1619 3679 fama

401 3733 569 3808 popularis
588 3747 653 3792 non
673 3731 813 3793 sinebat.
836 3732 931 3793 Unde
954 3733 1080 3793 factum
1101 3735 1167 3810 est,
1187 3735 1225 3794 ut
1244 3733 1331 3794 Aiax
1349 3735 1459 3795 minor
1471 3735 1617 3795 maiorem

400 3847 468 3919 iere
497 3861 631 3921 semper
661 3846 694 3905 in
724 3860 837 3920 pugna
868 3845 1085 3906 comitaretur
1111 3879 1150 3889 -
1175 3846 1301 3907 relictis
1331 3847 1461 3909 civibus
1483 3847 1553 3908 suis
1572 3845 1619 3906 Lo·

400 3958 581 4019 crensibus.
624 3959 667 4020 Hi
705 3959 811 4034 enim,
856 3959 912 4031 qui
955 3959 1019 4033 ipsi
1061 3960 1129 4021 arci
1169 3964 1366 4038 oppuoncrac
1403 3959 1618 4035 praebuissent

398 4089 534 4149 nomen,
567 4088 642 4134 sero
670 4073 805 4132 demum
829 4071 863 4132 in
887 4077 1144 4147 oppcoucrorum
1168 4053 1359 4150 catalogum
1389 4075 1468 4146 (noli
1491 4075 1618 4150 cogitare

398 4189 438 4248 de
463 4190 497 4258 B)
521 4187 622 4262 recipi-
644 4189 810 4262 poterant,
835 4187 1107 4262 ducebanturque
1131 4204 1151 4248 a
1173 4189 1325 4250 Medonte
1349 4190 1401 4260 (cl.
1421 4191 1456 4248 N
1472 4191 1535 4251 686
1547 4187 1616 4259 sqq.)

399 4301 558 4378 arcubus,
583 4301 695 4361 tundis
718 4302 849 4361 armati.
874 4300 935 4376 Qui
959 4316 1039 4362 vero
1061 4301 1191 4363 Oileum
1210 4303 1244 4362 in
1264 4303 1414 4363 carmina
1431 4299 1616 4370 introduxit,

398 4415 552 4490 rationis,
572 4430 655 4490 quae
674 4416 761 4475 inter
780 4414 842 4475 boc
858 4429 984 4475 nomen
1005 4417 1104 4489 atque
1124 4415 1205 4476 illud
1224 4415 1277 4475 Ilii
1296 4416 1528 4493 intercederet,
1543 4425 1616 4490 pror·

398 4542 457 4587 sus
487 4528 612 4589 oblitus
641 4545 716 4590 esse
746 4530 900 4606 debebat,
926 4530 1073 4605 alioquin
1098 4531 1186 4592 bunc
1210 4531 1343 4592 beroem
1367 4547 1434 4593 non
1458 4533 1550 4593 extra
1569 4524 1615 4587 sed

398 4640 487 4700 intra
517 4641 569 4700 Ilii
599 4639 733 4703 moenia
762 4658 884 4718 ponere
911 4643 1091 4705 debuisset.
1116 4645 1273 4706 Fortasse
1296 4646 1481 4706 formarum
1504 4653 1615 4718 quoque

398 4753 622 4830 discrepantia
645 4751 775 4828 (Ὀιλέως
800 4759 834 4816 61
853 4750 956 4827 Ἰλίου)
980 4759 1100 4819 bacin
1124 4774 1159 4819 re
1182 4758 1304 4832 aliquid
1330 4758 1444 4820 valuit.
