3525 5692
677 720 718 764 nr
741 717 851 766 araon.
1354 705 1374 764 3

152 888 248 970 δέρμα
271 912 307 968 με
329 899 388 950 νῦν
410 890 659 968 περιπλανᾶται”.
682 889 802 952 Valent
824 890 984 952 nimirum
1011 891 1141 968 1,στοίντα
1159 896 1264 976 λεοντῇ
1282 888 1375 969 ἠμφι-

153 1002 303 1082 εσμένον”
327 1004 379 1076 (cf.
404 1005 452 1068 Ol.
476 1004 530 1080 IV,
557 1005 616 1064 22:
642 1001 790 1082 χαλκέοισι
813 997 840 1063 δ’
868 1001 900 1064 έν
923 1002 1018 1064 ἔντεσι
1040 1010 1154 1077 νικῶν).

199 1118 283 1195 Quid
305 1121 417 1180 autem
440 1117 644 1179 scholiasta?
667 1117 850 1182 Mirabundi
870 1117 1014 1193 legimus
1037 1118 1134 1179 haec:

204 1240 311 1309 ,τοῦτο
347 1231 439 1302 ἰδίως.
470 1228 507 1290 οδ
537 1228 593 1309 γὰρ
626 1225 642 1288 δ
675 1227 818 1306 Τελαμὼν
849 1228 983 1290 έκέλενσε
1012 1241 1051 1314 τῷ
1077 1225 1222 1309 Ἡρακλεῖ
1247 1231 1375 1312 ἐμβῆναι

156 1347 246 1420 (sici)
277 1355 316 1428 τῷ
348 1341 471 1422 δέρματι
500 1341 552 1402 ιιαλ
583 1339 747 1421 εὔξασθαι,
774 1337 832 1402 ἀλλ’
867 1342 958 1416 αὐτὸς
989 1338 1179 1423 δἭραιιλῆς
1201 1356 1289 1409 τοῦτο
1311 1348 1373 1412 κατ’

156 1458 240 1519 ίδίαν
263 1458 370 1539 ἔπραξε
393 1458 576 1538 προαίρεσιν,
601 1457 736 1536 εἴληπται
760 1453 793 1517 δέ
816 1454 848 1517 έιι
867 1465 927 1517 τῶν
945 1458 1081 1537 μεγάλων
1100 1456 1195 1537 ἠοιῶν
1213 1457 1233 1538 ἡ
1252 1462 1349 1543 λστορί
1369 1513 1377 1528 .

157 1571 222 1634 ἐκεῖ
258 1572 315 1653 γὰρ
357 1571 522 1651 εὑρίσκεται
563 1569 793 1648 έπιξενούμενος
832 1567 848 1630 δ
877 1565 1028 1650 Ἡρακλῆς
1061 1583 1100 1655 τῷ
1137 1577 1293 1650 Τελαμῶνι
1326 1579 1379 1641 καλ

158 1685 361 1764 ἐμβαίνων
389 1695 424 1770 τῇ
455 1687 530 1769 δορᾷ
561 1683 609 1745 καλ
638 1684 808 1764 εὐχόμενος.
838 1683 886 1744 καλ
919 1684 1014 1758 οὕτως
1038 1682 1054 1746 δ
1078 1686 1248 1765 διόπομπος
1270 1691 1380 1773 αἰετὸς,
1405 1688 1407 1691 ’

157 1797 210 1876 ἀφ’
238 1793 274 1860 οὗ
298 1799 353 1876 τὴν
377 1798 594 1877 προσωνυμίαν
618 1797 724 1876 έλαβεν
748 1798 857 1869 Αίας.”

204 1915 364 1975 Pindarus
394 1915 496 1989 igitur
524 1913 704 1974 scholiasta
734 1914 821 1974 teste
843 1913 1069 1974 narrationem
1094 1931 1111 1976 e
1134 1915 1262 1991 Magnis
1285 1920 1381 1982 liceis

157 2029 297 2105 petitam
328 2029 457 2104 proprio
485 2029 587 2090 Marte
610 2027 764 2088 mutavit.
790 2027 891 2089 Poeta
914 2029 1015 2102 enim,
1042 2044 1118 2088 cum
1142 2031 1234 2105 epico
1257 2033 1291 2093 in
1315 2049 1381 2095 car·

159 2145 249 2204 mine
272 2144 409 2219 legisset
429 2142 603 2204 Herculem
623 2143 811 2217 precantem
824 2143 940 2217 sponte
951 2142 1083 2203 leonina
1094 2142 1127 2203 in
1138 2144 1223 2220 pelle
1234 2149 1382 2226 stetisse,

158 2258 244 2328 ἰδίως
267 2258 416 2333 remita
445 2257 603 2332 mutavit,
636 2258 672 2316 nt
703 2254 862 2317 Hercules
891 2252 1082 2317 'I'elamonis
1103 2261 1221 2331 rogatu
1243 2261 1276 2321 in
1300 2261 1385 2336 pelle

160 2372 343 2432 insisteret.
1390 2360 1394 2365 ’

206 2483 297 2545 Duae
310 2499 364 2545 res
375 2485 428 2546 hic
443 2485 522 2544 sunt
533 2483 768 2544 observandae.
781 2483 898 2545 Altera
909 2486 973 2559 est,
987 2485 1072 2558 quod
1084 2485 1118 2545 in
1130 2485 1256 2548 scholio
1269 2491 1385 2563 poetae

162 2599 282 2660 verba:
309 2596 380 2674 ,ror
403 2593 457 2674 μέν
481 2595 513 2656 έν
537 2595 609 2677 ῥινῷ
630 2594 750 2668 λέοντος
771 2595 880 2655 στάντα
900 2597 1042 2673 κελήσατο
1063 2598 1244 2658 σπονδαῖσιν
1263 2597 1388 2680 ἅρξαι”,

162 2714 341 2775 vertuntur
363 2712 458 2786 quasi
476 2711 627 2772 valeant:
651 2706 688 2786 ,ὁ
710 2707 851 2787 Τελαμὼν
871 2707 1004 2769 ἐκέλευσε
1023 2709 1075 2771 τὸν
1089 2705 1238 2786 Ἡρακλέα
1257 2711 1387 2791 ἐμβῆναι

164 2835 200 2910 τῇ
228 2830 332 2910 λεοντῇ
356 2823 406 2884 καὶ
430 2824 524 2896 οὕτως
544 2821 696 2902 ἄρξασθαι
714 2832 773 2882 τῶν
792 2822 967 2883 σπονδῶν”.
986 2823 1114 2900 Altera,
1135 2825 1220 2899 quod
1240 2827 1388 2901 perhibet

165 2941 361 3014 scholiasta,
386 2939 514 3014 Magnis
533 2952 660 3012 quoque
680 2937 712 2997 in
732 2936 829 2997 liceis
849 2936 1027 2998 Herculem
1047 2933 1193 3008 εὔξασθαι
1214 2936 1387 3018 ἐμβάντα

164 3063 202 3137 τῇ
226 3055 309 3136 δορᾷ.
1150 3043 1152 3047 ’
1336 3039 1358 3045 Η

212 3167 432 3228 Scholiastam
467 3165 600 3225 Pindari
634 3163 733 3225 verba
764 3178 936 3239 perperam
971 3164 1114 3225 vertisse
1148 3165 1256 3237 quivis
1290 3167 1390 3230 videt.

164 3282 278 3355 Neque
312 3279 495 3352 antiquitus
526 3277 683 3353 defuisse,
714 3277 770 3350 qui
801 3276 920 3336 melius
943 3277 1024 3336 haec
1048 3277 1146 3338 verba
1170 3280 1387 3356 explicarent,

166 3396 262 3469 patet
283 3408 302 3454 e
324 3391 441 3454 scholii
465 3391 575 3452 verbis
598 3391 777 3466 proximis:

214 3505 289 3567 ένιοι
323 3501 356 3566 δέ
390 3504 484 3574 οίίτως
521 3501 676 3564 ἀκούουσα
711 3501 786 3563 ίδδον
821 3499 837 3562 δ
873 3500 1014 3579 Τελαμὼν
1045 3502 1096 3564 τὸν
1121 3499 1270 3583 Ἡρακλέα
1300 3502 1389 3582 έέφνω
1508 3549 1511 3553 «

169 3618 319 3695 ἐφεστῶτα
344 3617 375 3679 ἐν
400 3627 435 3702 τῇ
460 3618 534 3700 δορᾷ
557 3617 792 3695 παρεκελεύσατο
816 3614 898 3699 αὐτῷ
922 3613 962 3687 ὡς
985 3607 1057 3693 ἧκεν
1082 3615 1114 3676 έιι
1135 3626 1187 3694 τῆς
1207 3614 1282 3678 δδοῦ
1301 3617 1391 3678 σπέν-

170 3737 243 3795 δειν’
274 3731 405 3794 τουτέστι
428 3730 468 3810 μή
493 3727 687 3807 ἀποθέμενον
709 3728 742 3790 τδ
767 3727 875 3808 δέρμα,
898 3727 972 3789 ἀλλὰ
995 3727 1035 3802 ὡς
1058 3723 1134 3809 εἶχεν
1149 3728 1309 3809 «ἄρξασθαι
1331 3742 1392 3793 τῶν

170 3847 324 3909 σπονδῶν.
356 3843 396 3919 ὦς
427 3845 533 3921 ὅμοιον
563 3837 641 3904 εἶναι
668 3854 716 3927 τῷ·
750 3840 919 3920 ,Ἥφαιστε
950 3838 1073 3923 πρόμολ’
1101 3835 1174 3922 ὧδε,
1199 3843 1282 3918 Θέτις
1304 3848 1343 3909 νιί
1366 3871 1394 3908 τι

170 3967 233 4023 σεῖο
257 3961 394 4042 χατίζει.”

214 4076 310 4153 Sapis
347 4075 549 4152 sapientiam
587 4073 845 4136 Aristarcheam.
885 4073 1116 4149 Intellegimus
1153 4077 1267 4136 autem
1301 4077 1393 4136 scho-

169 4191 319 4268 liastam,
351 4189 403 4251 cui
433 4203 531 4250 verus
560 4202 720 4250 versuum
745 4202 865 4248 sensus
889 4188 988 4248 notus
1011 4190 1113 4264 esset,
1135 4203 1201 4248 non
1224 4189 1395 4251 incautum

170 4306 293 4370 salsam
323 4303 536 4380 praemisisse
567 4301 834 4377 explicationem.
869 4299 952 4379 Quid
981 4301 1083 4375 igitur
1112 4302 1324 4364 iudicandum
1356 4302 1396 4365 de

170 4419 318 4484 hominis
338 4416 581 4492 observatione,
603 4430 687 4489 quae
700 4415 741 4475 ad
753 4414 857 4475 Eoeas
870 4416 1007 4489 Magnas
1017 4415 1184 4491 pertinet?
1194 4417 1397 4478 Mentitusne

171 4536 238 4608 est,
263 4530 350 4606 quod
365 4530 515 4607 perhibet
532 4530 567 4589 in
587 4528 736 4590 carmine
756 4529 847 4604 epico
868 4527 1044 4588 Herculem
1064 4529 1231 4591 institisse
1242 4530 1276 4591 in
1288 4531 1398 4607 pelle?

172 4648 225 4708 An
254 4647 340 4708 forte
369 4659 488 4706 verum
519 4643 618 4719 dixit,
649 4643 708 4703 sed
739 4642 801 4703 hae
831 4642 904 4717 ipsa
931 4643 1093 4717 sapientia
1115 4643 1148 4703 in
1172 4644 1304 4704 Pindari
1326 4645 1397 4707 loce

171 4760 367 4840 explicando
398 4773 418 4819 a
447 4773 526 4819 vera
556 4758 611 4818 via
641 4757 805 4818 abductus
831 4759 909 4817 esti
936 4757 1058 4834 Immo,
1082 4758 1138 4832 qui
1160 4759 1209 4819 ita
1232 4759 1398 4822 aberravit
