3525 5692
525 766 568 813 nn
590 765 807 814 aoeautmrrrs
830 767 1023 815 rauranum.
1318 751 1381 816 art

162 939 261 1002 filius.
292 941 374 1003 (lum
405 957 483 1003 vero
514 940 623 1002 circes
652 940 757 1002 lilium
791 943 854 1002 duo
887 943 1023 1003 nomina
1055 943 1089 1003 in
1119 944 1209 1019 epico
1240 947 1386 1009 carmine

162 1056 318 1116 habuisse
340 1071 408 1118 non
429 1057 476 1117 sit
497 1055 692 1134 verisimile,
716 1057 812 1118 credo
834 1054 854 1134 ἤ
877 1057 1075 1118 mutandum
1098 1059 1227 1119 esseio
1250 1059 1315 1137 καί,
1338 1061 1386 1122 ita

163 1171 201 1230 ut
222 1172 293 1230 tam
314 1168 406 1230 circe
429 1185 531 1244 quam
554 1169 716 1245 Penelope
738 1170 843 1230 altero
865 1170 1006 1232 donetur
1028 1169 1106 1233 filio.

206 1284 325 1344 Restat
345 1285 384 1344 ut
406 1283 446 1344 de
469 1283 579 1344 Ulixis
601 1287 708 1345 morte
730 1283 890 1345 nonnulla
912 1285 1143 1346 observemus:

207 1397 315 1460 Verba
336 1399 475 1460 Homeri
496 1401 589 1476 sunt,
613 1401 629 1458 λ
656 1399 718 1459 134
741 1413 829 1473 squ:

615 1511 751 1584 θάνατος
774 1509 807 1572 δέ
828 1533 874 1572 τοι
897 1509 927 1583 ἒξ
951 1510 1021 1584 ἁλὸς
1038 1508 1060 1584 ¹)
1083 1512 1165 1597 αὐτῷ

341 1620 524 1705 ἀβληχρὸςῆ
548 1625 628 1703 μάλα
649 1629 729 1697 τοῖος
752 1621 916 1703 ἐλεύσεται,
939 1623 972 1697 ὅς
994 1621 1028 1684 κέ
1050 1642 1083 1686 σε
1105 1624 1208 1712 πέφνῃ

341 1733 425 1820 γήρο’
451 1738 513 1799 dno
533 1743 649 1822 λιπαρῷ
671 1735 833 1818 ἀρημένον·
856 1735 935 1816 ἀμφὶ
960 1735 993 1798 δὲ
1014 1737 1082 1799 lunt

341 1851 438 1932 ὄλβιοι
460 1852 608 1914 ἔσσονται.

164 1969 197 2029 si
227 1968 413 2044 Telegonia,
448 1969 478 2027 si
508 1982 624 2029 omnes
654 1966 784 2028 fabulae
814 1967 854 2028 de
883 1966 993 2027 Ulixis
1015 1969 1149 2030 interitu
1173 1971 1270 2046 plane
1293 1972 1388 2034 nobis

162 2086 276 2144 essent
298 2083 444 2159 ignotae,
469 2081 567 2156 quale
591 2081 710 2142 mortis
733 2097 837 2156 genus
860 2084 1136 2155 expectaremus?
1160 2083 1262 2159 Quem
1286 2083 1387 2146 finem

163 2198 347 2259 Homerum
370 2195 463 2257 heroi
485 2210 547 2256 suo
568 2196 644 2271 post
666 2197 716 2256 tot
739 2193 869 2255 labores
893 2198 927 2255 et
950 2211 1079 2256 errores
1101 2197 1286 2259 destinasse
1303 2199 1390 2262 inter

164 2328 295 2387 omnes,
327 2311 391 2372 nisi
420 2311 477 2385 qui
506 2326 608 2371 sensu
637 2309 766 2386 poetico
789 2325 924 2385 prorsus
947 2313 1061 2371 essent
1085 2311 1250 2388 destituti,
1275 2328 1389 2375 conve·

164 2429 275 2490 niret?
298 2426 396 2487 Nulla
418 2441 512 2486 mora
536 2424 761 2498 unusquisque
784 2422 1004 2485 exclamaret:
1029 2429 1192 2501 ,mortem
1210 2426 1388 2507 placidam,

163 2542 290 2603 lenem:
314 2557 390 2602 cum
413 2541 447 2600 in
471 2555 512 2600 ea
529 2538 602 2600 sola
620 2537 756 2598 lectoris
775 2538 906 2599 animus
926 2539 1132 2612 acquiescere
1150 2542 1289 2616 possit.”
1309 2541 1389 2618 Quid

163 2657 194 2716 si
225 2655 391 2717 Homerus
420 2651 472 2712 τὸν
502 2653 698 2729 anticipem»,
720 2652 775 2726 qui
797 2654 848 2713 tot
871 2653 1017 2727 pericula
1039 2656 1074 2714 et
1094 2668 1271 2717 aerumnas
1294 2672 1392 2718 exan-

164 2769 284 2831 tlasset
316 2771 355 2828 ut
387 2769 474 2829 inter
504 2783 583 2828 suos
612 2767 744 2841 quietus
774 2765 936 2841 reliquam
961 2767 1064 2827 vitam
1087 2768 1232 2846 degeret,
1257 2771 1297 2831 ab
1320 2771 1391 2847 ipso

165 2881 233 2943 filio
263 2883 422 2943 trucidari
451 2881 651 2942 cecinisset?
681 2881 792 2941 'taedii
814 2880 904 2957 pleni
927 2880 968 2941 ad
991 2897 1094 2943 unum
1119 2897 1235 2945 omnes
1258 2900 1391 2947 carmen

166 3015 184 3059 e
215 3012 317 3058 manu
346 2996 559 3070 eiiceremus;
590 3009 668 3055 nam
698 2993 776 3056 licet
805 2996 838 3055 et
867 2994 940 3055 vita
962 2971 1143 3058 cottidiana
1166 2999 1200 3058 et
1220 2999 1391 3061 theatrum

165 3111 360 3174 hodiernum
389 3125 451 3172 nos
480 3110 631 3186 doceant,
655 3109 842 3185 improbum
865 3124 931 3170 non
954 3125 1085 3185 semper
1107 3111 1230 3189 puniri,
1252 3114 1391 3189 probum

164 3242 264 3302 saepe
286 3225 404 3286 merito
426 3224 574 3301 praemio
597 3223 733 3300 privari,
759 3237 894 3283 carmen
918 3223 1062 3300 epicum,
1082 3240 1146 3298 quo
1164 3226 1393 3291 describuntur

166 3357 220 3402 res
250 3355 316 3402 non
346 3341 395 3400 ita
424 3341 461 3399 ut
490 3344 578 3415 aaut,
608 3337 666 3397 sed
696 3336 858 3411 quomodo
889 3338 1005 3412 poetae
1035 3337 1228 3413 imaginatio
1251 3357 1309 3402 eas
1330 3342 1393 3403 sibi

162 3455 324 3532 proponit,
359 3453 465 3529 exigit
498 3454 536 3513 ut
569 3452 711 3527 ignavus
741 3454 926 3527 spernatur,
955 3451 1052 3513 tortis
1082 3451 1274 3536 celebretur,
1297 3456 1394 3517 heros

166 3572 200 3631 in
221 3569 400 3631 certamine
419 3567 516 3628 cadat
535 3566 587 3626 vel
608 3566 713 3627 victor
731 3565 852 3625 merita
869 3564 979 3638 quiete
991 3565 1128 3644 fruatur,
1141 3566 1190 3627 ita
1201 3571 1238 3628 ut
1250 3568 1394 3631 iuniores

165 3686 263 3744 rebus
297 3682 438 3744 fortibus
471 3679 645 3741 narrandis
681 3695 719 3739 ac
750 3678 966 3754 depingendis
996 3681 1037 3740 ad
1068 3680 1156 3742 iacta
1186 3696 1250 3741 non
1282 3683 1394 3742 minus

166 3797 265 3858 tortia
298 3795 437 3857 excitari
471 3794 611 3870 possint.
646 3792 687 3852 Itt
716 3791 808 3853 velut
837 3792 926 3853 diem
957 3790 1079 3854 laboris
1110 3796 1144 3854 et
1173 3793 1396 3858 dimicationis

168 3911 303 3986 plenum
336 3910 520 3982 sequuntur
554 3903 740 3982 ἀναθήματα
770 3913 822 3983 τῆς
853 3903 954 3978 δαιτὸς
984 3903 1035 3966 κοιλ
1065 3905 1162 3979 ὕπνος
1192 3908 1318 3988 γλυκύς,
1348 3910 1397 3970 sic

167 4023 346 4097 tranquilla
387 4024 544 4083 senectus
584 4020 762 4094 obitusque
803 4019 954 4096 placidus
994 4019 1113 4082 finiunt
1146 4021 1256 4082 herois
1291 4021 1396 4084 vitam

167 4137 377 4198 laboriosam.
406 4135 548 4211 Quodsi
571 4134 663 4210 ipsae
685 4149 739 4195 res
761 4136 875 4209 gestae
898 4133 993 4194 dulce
1015 4135 1098 4195 illud
1121 4136 1204 4211 epici
1226 4137 1393 4198 somnium

203 4390 224 4450 ι)
241 4393 320 4448 lecton
337 4407 389 4441 una
406 4406 470 4441 voce
485 4393 652 4442 Herodianus
666 4393 700 4441 oi.
718 4394 809 4455 Ιφοιος.

201 4482 223 4545 ²)
240 4487 361 4550 ἀβληχρός
383 4486 415 4533 ol.
441 4488 462 4533 Θ
485 4487 533 4533 trs
550 4483 684 4544 significat
702 4482 823 4547 ,debilis
839 4485 938 4533 lenis’':
957 4483 996 4533 sic
1013 4487 1064 4533 iam
1083 4484 1238 4535 Enstathins
1255 4488 1288 4535 ad
1304 4494 1318 4534 t
1336 4489 1398 4537 184:

170 4577 306 4642 ,ἀβληχρὸς
325 4578 352 4625 dl
374 4581 481 4632 θάνατος
503 4579 515 4624 o‘
537 4576 642 4635 ἀσθενὴς
663 4578 703 4624 καλ
721 4578 829 4640 locustae
843 4577 883 4623 διὰ
899 4577 926 4624 ιλ
944 4577 1038 4633 ἄνοσοι,
1054 4579 1133 4633 ὁποῖος
1150 4581 1162 4624 ὁ
1180 4583 1203 4626 λι
1221 4583 1281 4643 γήρᾳ
1297 4583 1399 4638 μάλιστα

165 4671 283 4735 λιπορῳ”.
299 4671 347 4718 Eat
362 4683 433 4719 mors
450 4683 503 4729 qua
521 4670 581 4729 quis
596 4669 772 4727 exstinguitur
789 4668 860 4716 omni
877 4668 967 4717 doloro
982 4672 1009 4716 et
1027 4667 1122 4730 agonia
1138 4667 1261 4719 raonus”.

198 4764 228 4811 H.
246 4775 272 4822 g.
289 4760 329 4810 sie
347 4766 468 4810 mortuns
485 4764 525 4809 ast
542 4758 659 4808 Menelai
676 4760 840 4820 gubernator
856 4757 980 4808 Phrontis
994 4757 1018 4825 (y
1032 4759 1092 4826 280)
1108 4775 1184 4822 quem
1201 4753 1393 4824 Apolloz„l³ntc'

165 4858 275 4914 ἀγανοῖσι
292 4855 399 4916 βλλιοοιν
417 4856 571 4914 λιιοιχόμινος
587 4851 740 4914 κοτλπιφνι”.
