3525 5692
686 728 727 773 DE
750 727 862 773 auor.

454 1141 539 1208 XII.
563 1141 615 1208 lla
638 1142 749 1208 linulo
772 1141 882 1223 daque
906 1141 1104 1207 Trambolo.

210 1356 261 1416 Ad
291 1355 350 1415 illa
377 1370 462 1431 quae
492 1356 531 1416 de
561 1355 753 1417 Telamonis
782 1357 916 1417 nomine
947 1355 1201 1416 observavimus
1230 1354 1391 1429 quaedam

163 1470 244 1530 sunt
266 1469 429 1548 addenda,
453 1469 572 1543 quibus
602 1470 830 1530 coniecturam
853 1473 1006 1530 nostram
1031 1468 1175 1529 stabiliri
1197 1483 1295 1544 posse
1319 1483 1390 1528 con-

164 1582 307 1643 fidimus.
339 1581 547 1646 conieoimus
570 1583 659 1643 enim
683 1582 897 1644 Telamonem
923 1583 1021 1643 deum
1046 1583 1212 1643 marinum
1236 1582 1276 1642 ad
1301 1582 1392 1642 Saro-

164 1697 275 1757 nicum
300 1697 417 1757 Sinum
439 1709 461 1756 a
483 1696 618 1757 Graecis
641 1711 715 1757 esse
739 1696 876 1757 cultum.

210 1811 331 1871 Narrat
364 1809 549 1871 Pausanias
582 1810 618 1886 (I,
644 1810 697 1885 35,
722 1811 773 1880 ai:
806 1808 960 1869 δείκνυται
991 1805 1024 1869 δὲ
1054 1808 1142 1882 λίθος
1170 1807 1202 1870 ἒν
1225 1813 1393 1887 Σαλαμῖνι,

105 1965 123 1976 ,
166 1923 203 1984 οὐ
227 1923 329 2005 πόρρω
351 1933 406 1986 τοῦ
428 1921 556 2003 λιμένος·
577 1922 625 1985 ἐπί
645 1925 754 1985 τούτου
773 1923 954 2003 καθήμενον
977 1927 1141 2001 Τελαμῶνα
1160 1919 1234 2002 όρᾶν
1253 1920 1392 2002 λέγουσιν

167 2036 195 2109 ἐς
227 2035 282 2115 τὴν
311 2046 392 2099 ναῦν
422 2036 638 2098 ἀποπλεόντων
665 2038 695 2098 οἳ
716 2046 776 2099 τῶν
799 2037 920 2099 παίδων
943 2036 973 2111 ἐς
997 2036 1116 2098 Αὐλίδα
1139 2034 1188 2097 ἐπί
1211 2034 1263 2097 τὸν
1285 2035 1391 2097 κοινὸν

165 2161 225 2212 τῶν
243 2147 401 2230 Ἑλλήνων
424 2151 542 2212 στόλον.

210 2265 344 2326 Iacebat
373 2266 473 2340 igitur
500 2281 600 2343 prope
632 2282 652 2326 a
683 2266 850 2326 Salamine
880 2265 978 2341 lapis,
1012 2266 1066 2340 qui
1099 2265 1196 2339 vulgo
1220 2263 1392 2324 Telamoni

166 2394 261 2440 sacer
280 2378 474 2440 habebatur.
505 2379 703 2440 conferendi
725 2381 820 2439 sunt:
840 2379 926 2454 lapis
946 2379 1109 2454 Aeginae,
1130 2392 1269 2450 quocum
1293 2377 1394 2437 homi·
1517 2356 1519 2359 ’

167 2508 228 2553 nes
246 2491 347 2553 Phoci
365 2507 487 2577 nomen
506 2493 621 2553 fratris
641 2492 833 2553 Telamonis
853 2492 1052 2566 coniungere
1063 2490 1231 2565 solabant;
1251 2490 1397 2550 Tiresiae

167 2606 254 2680 lapis
276 2605 416 2680 Thebis;
440 2604 524 2681 lapis
547 2606 665 2667 Thesei
688 2607 722 2666 in
746 2606 802 2666 via
822 2620 887 2680 qua
905 2605 1070 2666 Troezene
1088 2605 1156 2665 itur
1176 2605 1394 2679 Hermionam

167 2718 254 2793 lapis
277 2719 458 2779 Actaeonis
480 2719 643 2792 Plataeis;
668 2719 797 2779 Orestis
820 2718 906 2793 lapis
929 2719 961 2778 in
986 2718 1141 2793 Arcadia,
1167 2718 1235 2778 alii.
1424 2804 1427 2809 .

212 2832 347 2893 Minime
377 2833 515 2907 dignum
545 2832 632 2893 loret
662 2835 849 2893 memoratu
881 2832 1049 2893 Salamina
1072 2832 1216 2907 lapidem
1241 2832 1397 2906 iacuisse,

162 2961 305 3020 quocum
346 2946 493 3007 insulani
530 2946 641 3007 herois
676 2947 728 3006 sui
766 2961 889 3006 nomen
926 2945 1186 3021 coniungebant,
1220 2959 1326 3020 nequa
1358 2945 1398 3004 ad

163 3059 352 3133 opinionem
387 3059 426 3118 de
461 3057 640 3119 Telamone
676 3061 829 3120 nostram
861 3058 1097 3120 stabiliendam
1121 3058 1199 3118 inde
1225 3073 1397 3133 argumen-

163 3175 237 3235 tum
269 3175 471 3247 peteremus,
497 3172 562 3232 nisi
586 3171 639 3232 hic
662 3172 748 3247 lapis
773 3172 807 3232 in
831 3173 1031 3233 memoriam
1056 3172 1228 3233 reduceret
1250 3171 1394 3231 fabulam

166 3283 360 3346 Lesbiacam
392 3284 432 3345 de
462 3283 565 3344 Enalo
589 3283 730 3358 quodam
756 3284 857 3345 heroe
881 3317 923 3328 -
947 3285 1010 3345 fuit
1036 3284 1202 3357 quondam
1227 3285 1307 3344 deus
1330 3298 1397 3350 ma.

166 3397 261 3459 rinus
286 3432 338 3474 —,
363 3411 448 3470 quae
473 3411 549 3457 oum
574 3396 687 3456 fabula
705 3397 745 3456 de
762 3396 955 3457 Telamonis
974 3397 1217 3471 Periboeaaque
1229 3398 1398 3458 amoribus

166 3509 309 3571 conlerri
331 3511 451 3584 potest.
476 3509 679 3584 Incipiamus
702 3509 743 3570 ab
767 3510 829 3570 hac
852 3509 1041 3570 narratione
1065 3512 1202 3585 sumpta
1225 3527 1268 3571 ex
1286 3513 1399 3572 Arete·

168 3623 219 3682 dis
243 3622 350 3683 Cnidii
372 3623 551 3684 Nesioticis
575 3623 676 3693 (iiiiii.
701 3623 735 3684 F.
760 3622 801 3683 Η.
826 3623 880 3683 (ir.
906 3622 961 3698 IV,
987 3624 1075 3690 316).

212 3735 349 3796 Telamo
384 3751 460 3797 cum
503 3736 681 3811 aliquando
721 3735 890 3796 Euboeam
925 3735 1075 3796 venisset
1106 3735 1261 3796 Alcathoi
1282 3736 1397 3798 'filiam
1442 3765 1471 3806 s

166 3849 313 3924 vitiavit,
349 3864 414 3922 quo
448 3849 536 3910 lacto
571 3852 672 3910 noctu
704 3849 830 3924 effugit.
864 3850 1047 3910 Alcathous
1071 3865 1160 3926 vero,
1184 3851 1240 3923 qui
1263 3854 1401 3925 negaret

166 3959 273 4022 filiam
303 3977 400 4023 suam
432 3963 577 4024 invitam
608 3978 679 4023 rem
711 3977 787 4023 oum
811 3963 910 4024 heroe
933 3963 1104 4039 habuisse,
1130 3964 1187 4023 uni
1210 3979 1227 4024 e
1250 3965 1399 4025 satelliti·

167 4074 230 4134 bus
260 4075 331 4136 suis
363 4075 508 4150 puellam
540 4077 628 4137 mari
654 4076 933 4150 submergendam
958 4077 1105 4137 tradidit.
1130 4077 1174 4136 At
1196 4076 1250 4138 hic
1272 4078 1400 4138 miseri·

167 4189 280 4249 cordia
309 4192 423 4250 motus
450 4204 584 4251 servam
615 4204 689 4250 eam
717 4189 858 4250 vendere
883 4190 1011 4251 maluit.
1036 4191 1139 4250 Navis
1162 4191 1289 4265 appulit
1312 4191 1399 4251 Sala·

161 4301 312 4378 minem,
355 4300 413 4362 ubi
453 4302 563 4378 puella
605 4301 645 4363 ab
680 4303 753 4378 ipso
788 4302 969 4364 Telamone
1004 4305 1116 4378 empta
1148 4318 1229 4363 mox
1263 4305 1397 4366 Aiacem

168 4415 309 4491 peperit.

212 4527 307 4588 Nunc
330 4529 542 4590 conferamus
565 4529 713 4590 fabulam
737 4545 837 4604 quam
863 4531 903 4591 de
926 4530 1029 4591 Enalo
1047 4530 1184 4591 tradidit
1202 4531 1400 4592 Plutarchus

167 4642 208 4702 de
238 4641 370 4703 Sollert.
401 4644 504 4705 anim.
529 4645 582 4705 36.
607 4643 690 4704 (ium
713 4644 928 4705 Penthalidae
952 4644 1049 4705 Lesbi
1072 4645 1259 4706 conditores
1278 4645 1401 4705 oraculi

165 4754 260 4814 iussu
283 4755 473 4818 sacrificare
497 4758 624 4818 vellent
647 4758 826 4834 virginem,
853 4758 1019 4818 Sminthei
1037 4757 1105 4818 iilia
1124 4758 1164 4844 ab
1184 4759 1283 4819 heroe
1298 4758 1401 4820 Enalo
