3525 5692
708 727 750 772 ns
772 727 882 775 arnon.
1364 713 1405 774 93

407 894 461 970 οὓς
486 896 524 977 δὴ
547 901 710 977 μηκίστους
730 894 841 978 ’θρέψε
864 898 1004 978 ζείδωρος
1027 896 1154 978 ίίροορα·

178 1027 285 1086 neque
309 1013 433 1088 origine
457 1015 608 1075 diversos
631 1014 737 1074 fuisse
761 1015 932 1089 gigantem
957 1017 989 1074 et
1015 1014 1069 1075 Oti
1088 1013 1225 1075 fratrom
1246 1015 1313 1076 iam
1335 1033 1407 1079 con·

181 1127 261 1187 iecit
283 1126 406 1188 Preller
429 1127 495 1198 (Gr.
520 1127 560 1188 N.
585 1129 601 1186 Ι
625 1129 689 1197 71).
713 1129 798 1188 Nam
823 1130 859 1188 ut
884 1126 1043 1203 Gigantes
1067 1131 1197 1189 montes
1222 1131 1356 1193 evulsos
1374 1133 1407 1193 in

181 1241 261 1302 deos
284 1242 463 1318 coniciunt,
489 1243 538 1303 sic
549 1243 644 1304 Aloei
663 1241 722 1302 11111
743 1243 915 1304 montibus
936 1244 988 1302 usi
1006 1245 1085 1303 sunt
1104 1258 1169 1304 non
1182 1246 1220 1304 ut
1232 1243 1409 1320 Olympum

183 1358 387 1432 attingerent
416 1357 475 1416 sed
512 1357 552 1417 ad
589 1357 668 1418 deos
703 1357 944 1432 opprimendos.
980 1357 1157 1433 Perperam
1192 1359 1408 1420 6111111315

182 1485 237 1532 res
260 1471 456 1546 depingitur.

226 1585 331 1646 Mater
353 1588 467 1647 autem
491 1585 712 1646 Moesiarum
736 1586 808 1645 erat
826 1584 1013 1659 Iphimedia
1029 1584 1157 1660 'l'ricpis
1184 1585 1262 1648 filia.
1294 1587 1410 1665 Triope

181 1700 236 1760 vel
271 1699 479 1780 τριόφθαλμος
515 1701 567 1761 vel
599 1698 726 1772 Oxylus
757 1714 858 1774 supra
888 1715 963 1760 cum
989 1700 1185 1761 Hodoedoco
1210 1700 1292 1762 Oilei
1315 1705 1408 1777 patre

182 1816 446 1891 comparabatur.
482 1816 583 1876 quta
616 1814 757 1876 Alceum
792 1815 965 1890 Neptunus
998 1813 1161 1889 Ephialtis
1194 1816 1286 1876 audit
1315 1819 1409 1891 pater

182 1930 327 2001 (Hesiod.
347 1930 387 1990 ir.
409 1930 458 2003 9);
482 1930 530 1990 111
553 1930 592 1990 ut
614 1926 726 1987 Αἴαντε
749 1943 825 1989 cum
845 1929 984 1989 numine
1003 1927 1131 1988 marino
1155 1928 1320 1990 coniuncti
1339 1945 1410 2005 pos·

181 2045 251 2104 sint
270 2059 345 2105 cum
364 2043 518 2104 Aloeadis
530 2042 688 2104 iratribus
701 2058 719 2103 e
731 2044 884 2118 Neptuno
896 2044 1018 2118 genitis
1030 2044 1181 2105 conferri.
1199 2044 1284 2105 Aiax
1297 2061 1409 2121 rapere
1479 2097 1480 2100 ,

180 2157 288 2218 voluit
311 2156 542 2231 Cassandram,
566 2157 624 2218 sed
651 2157 734 2218 Otus
757 2158 954 2233 Minervam,
979 2156 1148 2232 Ephialtes
1171 2158 1339 2221 Iunonem.

227 2270 310 2331 Cum
334 2272 425 2332 nisce
448 2271 662 2346 comparandi
684 2273 765 2331 sunt
788 2269 924 2331 Oteatus
949 2273 982 2330 et
1005 2270 1150 2344 Eurytus
1180 2271 1323 2347 Neptuni
1349 2271 1408 2333 filii

183 2386 223 2445 ab
247 2385 393 2446 Homero
416 2385 506 2447 duali
529 2385 638 2446 forma
660 2383 799 2444 Μολίονε
822 2388 864 2454 (Λ
888 2385 963 2454 709)
995 2383 1049 2444 vel
1072 2383 1244 2460 Ἀκτορίωνε
1266 2390 1308 2455 (Λ
1333 2388 1408 2458 750)

182 2494 329 2561 indicati.
351 2499 443 2559 Sicut
454 2499 576 2558 Aiante
588 2498 621 2558 hi
634 2512 763 2573 quoque
774 2498 859 2573 apud
872 2500 1004 2573 poetam
1017 2497 1085 2556 iam
1096 2497 1176 2558 iacti
1188 2498 1266 2557 sunt
1277 2499 1407 2577 heroes,

183 2613 269 2685 quod
289 2613 328 2673 de
351 2611 506 2672 Aloeadis
524 2613 559 2672 in
579 2611 727 2672 carmine
747 2611 839 2686 epico
859 2610 1007 2670 nondum
1028 2610 1090 2670 dici
1110 2612 1229 2684 potest.
1247 2612 1309 2673 Sed
1327 2615 1413 2688 quod

182 2741 248 2786 non
268 2726 348 2786 fecit
366 2726 532 2787 Homerus
549 2725 677 2786 iactum
698 2726 751 2784 est
763 2722 970 2798 temporibus
983 2722 1211 2785 volventibus:
1225 2725 1310 2785 Naxi
1323 2727 1411 2787 enim

181 2840 347 2901 Aloeadae
371 2840 509 2901 heroum
533 2839 728 2899 fruebantur
752 2838 843 2899 cultu
867 2838 970 2907 (Serv.
996 2838 1077 2898 Aen.
1103 2838 1156 2914 VI,
1182 2839 1268 2908 582).
1293 2840 1411 2900 Pausa·

181 2954 254 3014 nias
277 2954 345 3030 (IX,
370 2955 424 3024 22)
448 2969 562 3014 eorum
585 2953 776 3028 sepulcrum
801 2952 996 3013 Anthedone
1021 2955 1199 3029 memorat,
1231 2955 1324 3014 cuius
1349 2955 1412 3015 loci
1476 2991 1479 2998 ·

180 3084 382 3144 eponymum
401 3069 547 3129 Antham
567 3067 716 3127 Atlantis
735 3069 891 3141 nepotem
913 3064 1019 3126 fllium
1041 3065 1187 3141 Neptuni
1199 3070 1232 3127 et
1244 3067 1414 3142 Alcyonae

182 3197 282 3257 supra
313 3182 503 3242 Telamonis
531 3182 566 3241 in
589 3183 774 3242 stemmate
798 3181 1000 3242 invenimus.
1025 3181 1128 3241 Adice
1153 3181 1316 3243 Aloeadas
1340 3198 1412 3257 quo·
1439 3205 1459 3234 ν

180 3311 243 3371 que
263 3297 394 3371 Hygino
414 3298 512 3372 teste,
535 3298 573 3355 ut
585 3295 737 3371 Aiacem,
759 3295 986 3355 avulneribus
999 3297 1091 3355 tutos
1111 3295 1225 3355 iuisse.
1243 3296 1410 3359 Iniuriane

180 3411 412 3471 contendimus
433 3410 550 3470 Aiaces
573 3413 607 3468 et
629 3408 793 3469 Aloeadas
816 3409 903 3468 inter
927 3423 963 3469 se
987 3408 1173 3483 comparari
1195 3412 1316 3482 posse?
1339 3411 1409 3471 Non

99 3548 103 3553 ·
181 3527 309 3600 opin0r3
334 3540 440 3599 neque
463 3525 587 3584 mirum
610 3524 776 3584 videbitur
800 3522 1033 3598 reputantibus
1063 3537 1125 3582 nos
1149 3523 1203 3583 hic
1226 3525 1354 3584 versari
1377 3525 1411 3584 in

181 3639 380 3699 daemonum
404 3652 537 3713 genere,
563 3638 619 3711 qui
647 3639 686 3697 ad
711 3652 815 3697 unum
839 3651 959 3696 omnes
980 3637 1118 3696 naturae
1145 3638 1282 3710 vegetae
1306 3639 1410 3712 expri-

179 3754 276 3812 mant
310 3753 379 3812 vim
414 3750 666 3825 inexhaustam,
695 3750 880 3825 ingentem,
913 3748 1128 3822 indomitam3
1162 3748 1261 3810 hosce
1295 3753 1409 3811 autem

178 3865 357 3926 daemones
379 3880 437 3941 pro
460 3865 531 3925 deis
551 3863 683 3924 habitos
707 3879 782 3924 esse
802 3879 822 3923 a
845 3862 1003 3924 Graeciae
1026 3861 1158 3939 incolis,
1176 3877 1240 3936 quo
1259 3865 1408 3939 tempore

181 3978 325 4054 Olympii
354 3978 531 4053 imperium
563 3977 710 4038 nondum
741 3976 982 4050 obtinuissent;
1007 3977 1123 4051 postea
1146 3991 1222 4037 vero
1247 3978 1409 4054 Olympiis

179 4105 281 4166 supra
312 4094 422 4152 661611
451 4091 589 4152 numina
613 4089 709 4151 elatis
732 4091 827 4162 quasi
850 4105 995 4164 pugnam
1020 4090 1107 4150 inter
1130 4104 1234 4149 novos
1258 4091 1409 4152 dominos

180 4207 278 4279 atque
309 4208 436 4265 ceteros
467 4204 570 4265 maris
598 4207 772 4277 terraeque
796 4203 978 4264 daemones
1002 4202 1186 4276 exarsisse;
1211 4204 1272 4264 hos
1295 4207 1407 4266 autem

179 4319 298 4379 dehinc
320 4334 386 4379 non
410 4333 429 4378 1
452 4318 604 4378 ruricolis
627 4317 685 4378 sed
713 4333 734 4378 a
755 4318 862 4392 poetis
886 4317 988 4391 epicis
1012 4316 1107 4390 quasi
1131 4316 1255 4391 origine
1279 4319 1406 4380 inferio-

181 4448 248 4508 res,
282 4434 371 4494 cultu
402 4433 513 4493 divino
541 4433 706 4515 indignos,
732 4432 931 4508 terrigenas,
955 4445 1067 4490 rerum
1092 4445 1255 4490 novarum
1279 4447 1409 4507 semper

180 4548 374 4621 appetentes
398 4547 529 4608 habitos
553 4562 636 4608 esse.
662 4545 750 4622 Quae
768 4546 859 4606 enim
880 4543 1064 4605 maioribus
1084 4544 1147 4604 iuit
1163 4544 1278 4618 religio
1297 4560 1407 4619 super·

179 4659 273 4720 stitio
296 4658 335 4720 iit
356 4660 550 4721 iunioribus.

700 4833 889 4843 ,..-----—--
