3525 5692
387 659 450 719 140
852 673 894 718 ns
918 673 1141 719 amazouraus.

379 840 552 906 ‘illicitat'
576 861 638 907 sua
660 848 779 922 sponte
797 847 839 908 ad
858 862 952 909 aram
972 846 1133 923 procedit,
1154 861 1230 907 cum
1248 844 1406 920 Aeschyli
1423 844 1494 923 illa,
1514 858 1605 917 quam

386 974 506 1021 vaccae
549 960 656 1021 instar
689 960 832 1022 vinculis
867 961 1076 1037 capistroque
1111 959 1292 1022 cohibitam
1326 959 1415 1020 servi
1450 958 1491 1018 ad
1523 972 1607 1018 aram

384 1073 520 1134 sistunt.
550 1074 683 1136 Videbit
713 1073 781 1136 illic
809 1075 985 1136 mulierem
1015 1074 1170 1150 liberam,
1194 1090 1255 1136 suo
1278 1073 1427 1150 arbitrio,
1452 1079 1606 1147 quantum

384 1202 458 1248 sors
492 1187 594 1265 sinat,
629 1203 685 1250 res
718 1188 917 1264 dirigentem
947 1189 1077 1263 sibique
1107 1187 1341 1265 subicientem,
1374 1187 1429 1249 hic
1450 1186 1607 1247 infelicem

383 1314 448 1360 non
483 1301 658 1363 mulierem
691 1304 749 1363 sed
784 1318 869 1379 rem,
902 1301 1034 1378 qualem
1064 1317 1107 1363 ne
1136 1303 1273 1363 Homeri
1303 1303 1437 1377 quidem
1462 1300 1607 1375 aequales

383 1428 529 1488 unquam
564 1419 802 1494 cognoverant,
838 1417 933 1477 cuius
964 1431 1083 1492 corpus
1112 1419 1266 1491 artesque
1296 1415 1501 1491 emebantur,
1532 1429 1607 1488 quae

382 1527 567 1601 patiebatur
589 1529 715 1607 omnia,
740 1531 881 1592 iaciebat
905 1532 1079 1593 volebatve
1098 1532 1200 1593 nibil:
1221 1531 1381 1592 feminam
1402 1530 1605 1591 Hesiodeam·

428 1640 610 1703 Hominum
635 1643 736 1718 igitur
758 1647 892 1706 mentes
915 1661 990 1707 cum
1014 1646 1075 1706 tali
1098 1645 1310 1707 contentione
1328 1644 1509 1706 identidem
1530 1657 1605 1703 6661·

383 1758 606 1835 moverentur,
630 1757 742 1819 audita
766 1759 927 1820 66116616
946 1759 1124 1820 mulierum
1143 1758 1244 1820 libere
1264 1759 1465 1836 viventium,
1486 1757 1606 1833 proprio

384 1870 486 1931 116116
516 1872 749 1949 pugnantium,
782 1873 933 1934 virorum
963 1872 1074 1934 officia
1097 1872 1238 1934 viriliter
1261 1872 1529 1946 exsequentium.
1552 1870 1607 1932 Ubi

383 1983 463 2044 talia
493 1984 629 2046 16161616
658 1985 810 2064 licerent,
844 1987 890 2046 ibi
922 1987 1005 2048 nibil
1036 2001 1102 2048 non
1125 1987 1168 2048 116
1189 1986 1300 2063 116616,
1323 1987 1428 2046 immo
1452 1984 1604 2046 muliebre

383 2112 487 2172 genus
509 2098 681 2176 imperare,
706 2099 896 2162 clamabant
920 2100 1040 2175 quibus
1062 2101 1218 2176 antiquus
1241 2102 1352 2161 status
1374 2100 1471 2161 unice
1494 2098 1606 2174 probus

382 2213 416 2270 et
438 2211 593 2287 optabilis
615 2213 800 2288 videretur;
824 2214 1042 2276 historiarum
1066 2218 1180 2276 autem
1203 2215 1382 2290 scriptores
1400 2216 1472 2274 tam
1491 2228 1605 2274 sermo·

382 2339 442 2384 nes
477 2325 666 2399 aequalium
702 2341 802 2400 quam
837 2329 970 2389 veteres
1001 2330 1155 2389 auctores
1184 2343 1242 2404 pro
1270 2327 1418 2388 tontibus
1441 2326 1606 2402 babentes,

387 2437 528 2498 nimium
558 2439 592 2499 in
622 2439 770 2500 historiis
792 2441 1039 2503 conscribendis
1060 2441 1245 2503 rhetoricae
1268 2442 1332 2508 arti
1354 2441 1564 2516 indulgentes
1579 2437 1606 2516 ¹),

387 2552 512 2612 famam
542 2567 680 2627 parvam
711 2553 857 2628 primum
889 2570 970 2615 mox
997 2556 1205 2617 sustulerunt
1227 2555 1260 2616 16
1285 2570 1383 2616 auras
1405 2554 1607 2630 graviterque

387 2668 466 2725 sunt
495 2665 597 2727 locuti
628 2666 668 2726 de
692 2667 966 2728 Sauromatarum
991 2669 1254 2744 gynaecocratia.
1277 2669 1345 2730 Nos
1368 2670 1494 2746 autem,
1519 2669 1573 2742 qui
1594 2684 1608 2728 6

389 2779 501 2840 ’166116
536 2784 570 2841 61
604 2780 781 2843 Plutarcho
812 2783 969 2844 novimus
1000 2783 1241 2844 Germanorum
1271 2783 1429 2844 mulieres
1453 2799 1511 2858 pro
1535 2783 1610 2843 11116

388 2896 502 2955 666116
532 2894 699 2956 Romanos
721 2897 922 2972 pugnantes,
947 2899 1057 2958 666116
1079 2897 1281 2974 munientes,
1306 2897 1438 2972 vigilias
1461 2899 1607 2972 agoniae,

387 3021 512 3067 necnon
543 3007 718 3070 didicimus
748 3008 810 3070 bas
831 3009 992 3071 mulieres
1014 3012 1052 3070 ut
1075 3010 1255 3072 1166616166
1274 3011 1323 3071 616
1345 3026 1515 3084 nunquam
1538 3009 1609 3071 civi·

385 3121 493 3180 tatum
526 3122 690 3198 principes
720 3123 823 3184 fuisse
852 3123 998 3200 habitas,
1031 3139 1093 3186 nos
1123 3125 1408 3199 gynaecocratiam
1439 3124 1532 3185 illam
1555 3139 1610 3185 suo

387 3235 491 3308 pretio
513 3236 731 3298 aestimantes
754 3236 795 3309 εἰς
818 3241 959 3298 Σκυθῶν
982 3235 1110 3318 ἐρημίαν
1133 3239 1205 3300 6116
1228 3240 1374 3300 16661161
1393 3238 1609 3313 inregionem

388 3349 582 3421 quantocius
617 3350 849 3426 relegabimus.
885 3353 1032 3413 Fuerunt
1065 3354 1207 3414 fortasse
1237 3352 1318 3413 16116
1347 3353 1502 3413 166111616
1530 3351 1611 3428 apud

388 3460 488 3522 (lares
512 3462 606 3539 olim,
630 3464 755 3525 Lemno
778 3466 812 3525 in
836 3466 961 3540 insula,
983 3465 1039 3527 061
1058 3482 1198 3543 quoque,
1218 3482 1283 3541 qua
1301 3466 1341 3527 de
1359 3482 1394 3528 re
1414 3467 1610 3527 sententiam

387 3577 538 3636 nostram
562 3579 658 3638 66616
682 3578 876 3639 differemus
900 3580 1003 3640 donec
1027 3578 1084 3640 obv
1107 3584 1193 3652 θεοῖς
1216 3582 1269 3641 his
1292 3596 1420 3654 quoque
1443 3581 1541 3641 rebus
1559 3579 1613 3640 lux

389 3689 507 3750 clarior
531 3690 735 3766 lucidiorque
759 3693 940 3755 affulserit:
965 3709 1052 3755 nuno
1077 3695 1117 3756 ad
1141 3694 1345 3771 propositum
1369 3691 1554 3756 redeamus.

433 3803 521 3878 Quae
552 3806 657 3866 semel
687 3821 745 3881 per
768 3822 866 3869 61166
890 3809 1038 3870 demissa
1060 3809 1095 3869 16
1118 3809 1247 3869 16111616
1270 3809 1443 3870 bominum
1468 3807 1615 3870 cordibus

387 3915 497 3977 locum
521 3917 747 3998 obtinuerunt,
773 3921 845 3982 sive
864 3937 944 3983 vera
963 3923 1035 3983 sive
1055 3922 1140 3984 16166
1159 3925 1251 4000 6661,
1273 3937 1369 3998 aegre
1388 3925 1504 4000 postea
1515 3937 1615 3998 genus

387 4030 562 4092 hominurn
592 4032 674 4108 eripi
704 4035 767 4094 sibi
797 4035 922 4110 patitur
954 4035 1189 4097 melioribusve
1218 4037 1406 4098 notionibus
1435 4036 1523 4113 pelli.
1548 4037 1615 4097 Stet

388 4143 495 4217 gratia
519 4159 580 4206 sua
604 4148 637 4207 et
658 4148 764 4208 honor
787 4149 926 4210 Homeri
950 4150 1075 4211 verbis:

609 4257 665 4336 τὴν
687 4257 744 4340 γὰρ
768 4257 879 4338 ἀοιδὴν
903 4265 1017 4340 μᾶλλον
1041 4257 1221 4324 ἕττικλείονσ’
1248 4261 1410 4340 ἅνθρωποι

610 4372 630 4451 ἦ
652 4397 696 4447 τις
720 4371 919 4437 ἀκουόντεσσι
942 4376 1074 4455 νεωτάτη
1097 4373 1317 4455 ἀμφιπέληται,
1340 4412 1380 4422 -

388 4549 630 4560 ———..

421 4651 441 4717 ¹)
459 4653 550 4715 Polyb.
572 4657 631 4716 XII,
654 4661 699 4708 lv:
719 4663 748 4718 „b
764 4662 810 4726 γὰρ
822 4661 923 4726 Ἔφορος
942 4663 1074 4720 δεινότατός
1091 4667 1153 4713 loto
1171 4667 1195 4711 11
1212 4673 1261 4722 ταῖς
1277 4667 1438 4730 παραβάσεσι
1452 4665 1491 4711 aul
1509 4673 1557 4718 ταῖς
1573 4665 1604 4727 ἀφ

387 4747 460 4793 αὑτοῦ
476 4751 667 4808 „worardus”
