<?xml version="1.0" encoding="UTF-8"?>
<!DOCTYPE html PUBLIC "-//W3C//DTD XHTML 1.0 Transitional//EN"
    "http://www.w3.org/TR/xhtml1/DTD/xhtml1-transitional.dtd">
<html xmlns="http://www.w3.org/1999/xhtml" xml:lang="en" lang="en">
 <head>
  <title>
</title>
<meta http-equiv="Content-Type" content="text/html;charset=utf-8" />
  <meta name='ocr-system' content='tesseract 3.04.00' />
  <meta name='ocr-capabilities' content='ocr_page ocr_carea ocr_par ocr_line ocrx_word'/>
</head>
<body>
  <div class='ocr_page' id='page_1' title='image "./deajacisorigine00vgoog_0089.png"; bbox 0 0 3525 5692; ppageno 0'>
   <div class='ocr_carea' id='block_1_1' title="bbox 692 702 1393 764">
    <p class='ocr_par' dir='ltr' id='par_1_1' title="bbox 692 702 1393 764">
     <span class='ocr_line' id='line_1_1' title="bbox 692 702 1393 764; baseline 0 -6"><span class='ocrx_word' id='word_1_1' title='bbox 692 713 734 759; x_wconf 81' lang='lat' dir='ltr'><strong>nn</strong></span> <span class='ocrx_word' id='word_1_2' title='bbox 755 713 868 761; x_wconf 81' lang='lat' dir='ltr'><strong>mon</strong></span> <span class='ocrx_word' id='word_1_3' title='bbox 1346 702 1393 764; x_wconf 68' lang='lat'><strong>79.</strong></span> 
     </span>
    </p>
   </div>
   <div class='ocr_carea' id='block_1_2' title="bbox 163 885 1493 3459">
    <p class='ocr_par' dir='ltr' id='par_1_2' title="bbox 163 885 1439 1305">
     <span class='ocr_line' id='line_1_2' title="bbox 165 885 1439 961; baseline 0.001 -14"><span class='ocrx_word' id='word_1_4' title='bbox 165 891 220 949; x_wconf 86' lang='lat' dir='ltr'><strong>tus</strong></span> <span class='ocrx_word' id='word_1_5' title='bbox 250 885 387 948; x_wconf 88' lang='lat' dir='ltr'><strong>amabat</strong></span> <span class='ocrx_word' id='word_1_6' title='bbox 414 885 613 960; x_wconf 82' lang='lat' dir='ltr'><strong>nympham,</strong></span> <span class='ocrx_word' id='word_1_7' title='bbox 638 899 721 958; x_wconf 84' lang='lat' dir='ltr'><strong>quae</strong></span> <span class='ocrx_word' id='word_1_8' title='bbox 747 887 782 945; x_wconf 89' lang='lat' dir='ltr'><strong>in</strong></span> <span class='ocrx_word' id='word_1_9' title='bbox 805 886 927 946; x_wconf 84' lang='lat' dir='ltr'><strong>fluctus</strong></span> <span class='ocrx_word' id='word_1_10' title='bbox 950 900 1027 947; x_wconf 89' lang='lat' dir='ltr'><strong>cum</strong></span> <span class='ocrx_word' id='word_1_11' title='bbox 1049 885 1239 956; x_wconf 80' lang='lat' dir='ltr'><strong>desiluisset</strong></span> <span class='ocrx_word' id='word_1_12' title='bbox 1263 919 1303 931; x_wconf 91' lang='lat'><em>-</em></span> <span class='ocrx_word' id='word_1_13' title='bbox 1328 902 1392 961; x_wconf 85' lang='lat' dir='ltr'><strong>quo</strong></span> <span class='ocrx_word' id='word_1_14' title='bbox 1435 915 1439 922; x_wconf 96' lang='lat'><em>·</em></span> 
     </span>
     <span class='ocr_line' id='line_1_3' title="bbox 163 999 1392 1076; baseline 0.001 -16"><span class='ocrx_word' id='word_1_15' title='bbox 163 1001 251 1061; x_wconf 89' lang='lat' dir='ltr'><strong>iacto</strong></span> <span class='ocrx_word' id='word_1_16' title='bbox 274 1001 492 1076; x_wconf 79' lang='lat' dir='ltr'><strong>semetipsam</strong></span> <span class='ocrx_word' id='word_1_17' title='bbox 516 999 676 1059; x_wconf 89' lang='lat' dir='ltr'><strong>amatoris</strong></span> <span class='ocrx_word' id='word_1_18' title='bbox 698 999 732 1058; x_wconf 90' lang='lat' dir='ltr'><strong>in</strong></span> <span class='ocrx_word' id='word_1_19' title='bbox 755 1001 959 1073; x_wconf 86' lang='lat' dir='ltr'><strong>potestatem</strong></span> <span class='ocrx_word' id='word_1_20' title='bbox 978 999 1168 1060; x_wconf 81' lang='lat' dir='ltr'><strong>tradidit-</strong></span> <span class='ocrx_word' id='word_1_21' title='bbox 1181 1000 1320 1076; x_wconf 78' lang='lat' dir='ltr'><strong>stirpem</strong></span> <span class='ocrx_word' id='word_1_22' title='bbox 1340 1001 1392 1061; x_wconf 90' lang='lat' dir='ltr'><strong>dei</strong></span> 
     </span>
     <span class='ocr_line' id='line_1_4' title="bbox 164 1097 1392 1190; baseline 0.001 -16"><span class='ocrx_word' id='word_1_23' title='bbox 164 1117 359 1190; x_wconf 85' lang='lat' dir='ltr'><strong>procreavit.</strong></span> <span class='ocrx_word' id='word_1_24' title='bbox 383 1097 482 1189; x_wconf 88' lang='lat' dir='ltr'><strong>Lapis</strong></span> <span class='ocrx_word' id='word_1_25' title='bbox 504 1127 604 1188; x_wconf 91' lang='lat' dir='ltr'><strong>prope</strong></span> <span class='ocrx_word' id='word_1_26' title='bbox 629 1128 649 1172; x_wconf 93' lang='grc'><strong>6</strong></span> <span class='ocrx_word' id='word_1_27' title='bbox 672 1113 769 1173; x_wconf 86' lang='grc'><strong>111616</strong></span> <span class='ocrx_word' id='word_1_28' title='bbox 792 1113 936 1189; x_wconf 89' lang='lat' dir='ltr'><strong>positus,</strong></span> <span class='ocrx_word' id='word_1_29' title='bbox 958 1127 1022 1187; x_wconf 87' lang='lat' dir='ltr'><strong>quo</strong></span> <span class='ocrx_word' id='word_1_30' title='bbox 1041 1113 1114 1174; x_wconf 91' lang='lat' dir='ltr'><strong>loco</strong></span> <span class='ocrx_word' id='word_1_31' title='bbox 1134 1114 1228 1189; x_wconf 88' lang='lat' dir='ltr'><strong>virgo</strong></span> <span class='ocrx_word' id='word_1_32' title='bbox 1246 1114 1281 1174; x_wconf 90' lang='lat' dir='ltr'><strong>in</strong></span> <span class='ocrx_word' id='word_1_33' title='bbox 1300 1129 1392 1175; x_wconf 89' lang='lat' dir='ltr'><strong>mare</strong></span> 
     </span>
     <span class='ocr_line' id='line_1_5' title="bbox 163 1226 797 1305; baseline -0.005 -15"><span class='ocrx_word' id='word_1_34' title='bbox 163 1245 200 1290; x_wconf 90' lang='lat' dir='ltr'><strong>se</strong></span> <span class='ocrx_word' id='word_1_35' title='bbox 224 1228 355 1305; x_wconf 83' lang='lat' dir='ltr'><strong>deiecit,</strong></span> <span class='ocrx_word' id='word_1_36' title='bbox 379 1227 429 1288; x_wconf 87' lang='lat' dir='ltr'><strong>rei</strong></span> <span class='ocrx_word' id='word_1_37' title='bbox 452 1226 648 1288; x_wconf 84' lang='lat' dir='ltr'><strong>memoriam</strong></span> <span class='ocrx_word' id='word_1_38' title='bbox 673 1228 797 1288; x_wconf 89' lang='lat' dir='ltr'><strong>servat.</strong></span> 
     </span>
    </p>

    <p class='ocr_par' dir='ltr' id='par_1_3' title="bbox 210 1340 1391 1419">
     <span class='ocr_line' id='line_1_6' title="bbox 210 1340 1391 1419; baseline 0.002 -16"><span class='ocrx_word' id='word_1_39' title='bbox 210 1342 289 1418; x_wconf 80' lang='lat' dir='ltr'><strong>Quis</strong></span> <span class='ocrx_word' id='word_1_40' title='bbox 320 1356 386 1402; x_wconf 94' lang='lat' dir='ltr'><strong>non</strong></span> <span class='ocrx_word' id='word_1_41' title='bbox 417 1341 542 1416; x_wconf 88' lang='lat' dir='ltr'><strong>cogitat</strong></span> <span class='ocrx_word' id='word_1_42' title='bbox 571 1341 612 1401; x_wconf 94' lang='lat' dir='ltr'><strong>de</strong></span> <span class='ocrx_word' id='word_1_43' title='bbox 641 1340 809 1401; x_wconf 88' lang='lat' dir='ltr'><strong>amoribus</strong></span> <span class='ocrx_word' id='word_1_44' title='bbox 840 1341 991 1417; x_wconf 80' lang='lat' dir='ltr'><strong>Sapphus</strong></span> <span class='ocrx_word' id='word_1_45' title='bbox 1023 1344 1056 1403; x_wconf 91' lang='lat' dir='ltr'><strong>et</strong></span> <span class='ocrx_word' id='word_1_46' title='bbox 1085 1342 1230 1403; x_wconf 91' lang='lat' dir='ltr'><strong>Phaonis</strong></span> <span class='ocrx_word' id='word_1_47' title='bbox 1255 1343 1288 1402; x_wconf 94' lang='lat' dir='ltr'><strong>in</strong></span> <span class='ocrx_word' id='word_1_48' title='bbox 1311 1358 1391 1419; x_wconf 85' lang='lat' dir='ltr'><strong>rupa</strong></span> 
     </span>
    </p>

    <p class='ocr_par' dir='ltr' id='par_1_4' title="bbox 163 1454 1493 2880">
     <span class='ocr_line' id='line_1_7' title="bbox 164 1454 1392 1530; baseline 0.002 -15"><span class='ocrx_word' id='word_1_49' title='bbox 164 1455 326 1517; x_wconf 88' lang='lat' dir='ltr'><strong>Leucadia</strong></span> <span class='ocrx_word' id='word_1_50' title='bbox 360 1455 466 1526; x_wconf 86' lang='lat' dir='ltr'><strong>(Ovid.</strong></span> <span class='ocrx_word' id='word_1_51' title='bbox 501 1454 580 1515; x_wconf 90' lang='lat' dir='ltr'><strong>Her.</strong></span> <span class='ocrx_word' id='word_1_52' title='bbox 615 1454 711 1525; x_wconf 77' lang='lat' dir='ltr'><strong>XVli</strong></span> <span class='ocrx_word' id='word_1_53' title='bbox 743 1454 805 1515; x_wconf 82' lang='lat' dir='ltr'><strong>Sed</strong></span> <span class='ocrx_word' id='word_1_54' title='bbox 836 1454 979 1516; x_wconf 88' lang='lat' dir='ltr'><strong>observa</strong></span> <span class='ocrx_word' id='word_1_55' title='bbox 1008 1455 1095 1516; x_wconf 90' lang='lat' dir='ltr'><strong>idem</strong></span> <span class='ocrx_word' id='word_1_56' title='bbox 1120 1456 1304 1530; x_wconf 90' lang='lat' dir='ltr'><strong>episodium</strong></span> <span class='ocrx_word' id='word_1_57' title='bbox 1327 1472 1392 1517; x_wconf 93' lang='lat' dir='ltr'><strong>non</strong></span> 
     </span>
     <span class='ocr_line' id='line_1_8' title="bbox 165 1566 1392 1644; baseline 0.001 -14"><span class='ocrx_word' id='word_1_58' title='bbox 165 1569 262 1630; x_wconf 92' lang='lat' dir='ltr'><strong>modo</strong></span> <span class='ocrx_word' id='word_1_59' title='bbox 284 1568 411 1630; x_wconf 88' lang='lat' dir='ltr'><strong>narrari</strong></span> <span class='ocrx_word' id='word_1_60' title='bbox 432 1568 472 1629; x_wconf 93' lang='lat' dir='ltr'><strong>de</strong></span> <span class='ocrx_word' id='word_1_61' title='bbox 494 1567 628 1628; x_wconf 82' lang='lat' dir='ltr'><strong>Euathli</strong></span> <span class='ocrx_word' id='word_1_62' title='bbox 650 1569 683 1628; x_wconf 91' lang='lat' dir='ltr'><strong>et</strong></span> <span class='ocrx_word' id='word_1_63' title='bbox 707 1566 843 1642; x_wconf 84' lang='lat' dir='ltr'><strong>Oaiyces</strong></span> <span class='ocrx_word' id='word_1_64' title='bbox 862 1583 989 1644; x_wconf 90' lang='lat' dir='ltr'><strong>amore,</strong></span> <span class='ocrx_word' id='word_1_65' title='bbox 1014 1569 1191 1629; x_wconf 89' lang='lat' dir='ltr'><strong>sedetiam</strong></span> <span class='ocrx_word' id='word_1_66' title='bbox 1213 1569 1252 1630; x_wconf 91' lang='lat' dir='ltr'><strong>de</strong></span> <span class='ocrx_word' id='word_1_67' title='bbox 1271 1569 1392 1631; x_wconf 87' lang='lat' dir='ltr'><strong>Deuca·</strong></span> 
     </span>
     <span class='ocr_line' id='line_1_9' title="bbox 163 1677 1390 1758; baseline 0.003 -17"><span class='ocrx_word' id='word_1_68' title='bbox 163 1683 263 1743; x_wconf 92' lang='lat' dir='ltr'><strong>lionis</strong></span> <span class='ocrx_word' id='word_1_69' title='bbox 293 1684 326 1743; x_wconf 90' lang='grc'><strong>61</strong></span> <span class='ocrx_word' id='word_1_70' title='bbox 351 1683 498 1758; x_wconf 82' lang='lat' dir='ltr'><strong>Pyrrhae</strong></span> <span class='ocrx_word' id='word_1_71' title='bbox 528 1679 901 1758; x_wconf 74' lang='grc' dir='ltr'><strong>(Α111611.ΧΙ1’619Ι),</strong></span> <span class='ocrx_word' id='word_1_72' title='bbox 926 1681 1121 1743; x_wconf 75' lang='grc' dir='ltr'><strong>01111Η61.</strong></span> <span class='ocrx_word' id='word_1_73' title='bbox 1146 1677 1207 1742; x_wconf 88' lang='lat' dir='ltr'><strong>XV</strong></span> <span class='ocrx_word' id='word_1_74' title='bbox 1233 1685 1294 1744; x_wconf 81' lang='lat'><strong>167</strong></span> <span class='ocrx_word' id='word_1_75' title='bbox 1319 1688 1390 1758; x_wconf 71' lang='lat' dir='ltr'><strong>su).</strong></span> 
     </span>
     <span class='ocr_line' id='line_1_10' title="bbox 164 1794 1392 1872; baseline 0.002 -18"><span class='ocrx_word' id='word_1_76' title='bbox 164 1795 372 1857; x_wconf 82' lang='lat' dir='ltr'><strong>Deucalionis</strong></span> <span class='ocrx_word' id='word_1_77' title='bbox 402 1798 516 1857; x_wconf 87' lang='lat' dir='ltr'><strong>autem</strong></span> <span class='ocrx_word' id='word_1_78' title='bbox 547 1810 668 1856; x_wconf 90' lang='lat' dir='ltr'><strong>nomen</strong></span> <span class='ocrx_word' id='word_1_79' title='bbox 700 1794 740 1856; x_wconf 89' lang='lat' dir='ltr'><strong>ad</strong></span> <span class='ocrx_word' id='word_1_80' title='bbox 771 1795 967 1872; x_wconf 82' lang='lat' dir='ltr'><strong>Locrenses,</strong></span> <span class='ocrx_word' id='word_1_81' title='bbox 992 1794 1045 1855; x_wconf 86' lang='lat' dir='ltr'><strong>vel</strong></span> <span class='ocrx_word' id='word_1_82' title='bbox 1065 1795 1105 1855; x_wconf 88' lang='lat' dir='ltr'><strong>ad</strong></span> <span class='ocrx_word' id='word_1_83' title='bbox 1129 1796 1265 1871; x_wconf 85' lang='lat' dir='ltr'><strong>Leleges</strong></span> <span class='ocrx_word' id='word_1_84' title='bbox 1287 1797 1392 1859; x_wconf 91' lang='lat' dir='ltr'><strong>Locri·</strong></span> 
     </span>
     <span class='ocr_line' id='line_1_11' title="bbox 163 1907 1394 1972; baseline 0.002 -3"><span class='ocrx_word' id='word_1_85' title='bbox 163 1909 239 1970; x_wconf 88' lang='lat' dir='ltr'><strong>dem</strong></span> <span class='ocrx_word' id='word_1_86' title='bbox 272 1909 463 1970; x_wconf 81' lang='lat' dir='ltr'><strong>habitantes</strong></span> <span class='ocrx_word' id='word_1_87' title='bbox 493 1924 555 1971; x_wconf 89' lang='lat' dir='ltr'><strong>nos</strong></span> <span class='ocrx_word' id='word_1_88' title='bbox 583 1908 721 1970; x_wconf 85' lang='lat' dir='ltr'><strong>reducit.</strong></span> <span class='ocrx_word' id='word_1_89' title='bbox 752 1908 933 1969; x_wconf 81' lang='lat' dir='ltr'><strong>versamur</strong></span> <span class='ocrx_word' id='word_1_90' title='bbox 962 1907 997 1968; x_wconf 95' lang='lat' dir='ltr'><strong>in</strong></span> <span class='ocrx_word' id='word_1_91' title='bbox 1028 1909 1215 1970; x_wconf 88' lang='lat' dir='ltr'><strong>narratione</strong></span> <span class='ocrx_word' id='word_1_92' title='bbox 1238 1910 1394 1972; x_wconf 86' lang='lat' dir='ltr'><strong>Locrensi</strong></span> 
     </span>
     <span class='ocr_line' id='line_1_12' title="bbox 164 2005 1393 2097; baseline 0.002 -13"><span class='ocrx_word' id='word_1_93' title='bbox 164 2023 204 2084; x_wconf 90' lang='lat' dir='ltr'><strong>de</strong></span> <span class='ocrx_word' id='word_1_94' title='bbox 226 2022 362 2084; x_wconf 91' lang='lat' dir='ltr'><strong>numine</strong></span> <span class='ocrx_word' id='word_1_95' title='bbox 383 2036 444 2083; x_wconf 91' lang='lat' dir='ltr'><strong>suo</strong></span> <span class='ocrx_word' id='word_1_96' title='bbox 467 2023 607 2085; x_wconf 89' lang='lat' dir='ltr'><strong>marino.</strong></span> <span class='ocrx_word' id='word_1_97' title='bbox 631 2021 805 2096; x_wconf 82' lang='lat' dir='ltr'><strong>Negasne?</strong></span> <span class='ocrx_word' id='word_1_98' title='bbox 827 2005 922 2097; x_wconf 84' lang='lat' dir='ltr'><strong>Apud</strong></span> <span class='ocrx_word' id='word_1_99' title='bbox 945 2021 1066 2083; x_wconf 85' lang='lat' dir='ltr'><strong>Athen.</strong></span> <span class='ocrx_word' id='word_1_100' title='bbox 1085 2022 1218 2088; x_wconf 80' lang='lat'>114313</span> <span class='ocrx_word' id='word_1_101' title='bbox 1239 2024 1393 2086; x_wconf 89' lang='lat' dir='ltr'><strong>audimus</strong></span> 
     </span>
     <span class='ocr_line' id='line_1_13' title="bbox 163 2135 1391 2210; baseline 0.004 -15"><span class='ocrx_word' id='word_1_102' title='bbox 163 2136 375 2198; x_wconf 71' lang='lat' dir='ltr'><strong>&#39;l&#39;rambslum</strong></span> <span class='ocrx_word' id='word_1_103' title='bbox 405 2136 446 2197; x_wconf 87' lang='lat' dir='ltr'><strong>ab</strong></span> <span class='ocrx_word' id='word_1_104' title='bbox 483 2135 611 2198; x_wconf 85' lang='lat' dir='ltr'><strong>Achille</strong></span> <span class='ocrx_word' id='word_1_105' title='bbox 645 2135 792 2197; x_wconf 90' lang='lat' dir='ltr'><strong>occisum</strong></span> <span class='ocrx_word' id='word_1_106' title='bbox 827 2150 919 2210; x_wconf 89' lang='lat' dir='ltr'><strong>esse;</strong></span> <span class='ocrx_word' id='word_1_107' title='bbox 955 2151 973 2196; x_wconf 89' lang='lat' dir='ltr'><strong>e</strong></span> <span class='ocrx_word' id='word_1_108' title='bbox 1007 2135 1098 2197; x_wconf 83' lang='lat' dir='ltr'><strong>fonte</strong></span> <span class='ocrx_word' id='word_1_109' title='bbox 1129 2139 1241 2199; x_wconf 87' lang='lat' dir='ltr'><strong>autem</strong></span> <span class='ocrx_word' id='word_1_110' title='bbox 1266 2138 1391 2200; x_wconf 87' lang='lat' dir='ltr'><strong>Milesio</strong></span> 
     </span>
     <span class='ocr_line' id='line_1_14' title="bbox 164 2247 1392 2327; baseline 0.003 -18"><span class='ocrx_word' id='word_1_111' title='bbox 164 2248 328 2310; x_wconf 89' lang='lat' dir='ltr'><strong>Achillem</strong></span> <span class='ocrx_word' id='word_1_112' title='bbox 353 2249 452 2311; x_wconf 86' lang='lat' dir='ltr'><strong>caedo</strong></span> <span class='ocrx_word' id='word_1_113' title='bbox 475 2250 610 2325; x_wconf 87' lang='lat' dir='ltr'><strong>peracta</strong></span> <span class='ocrx_word' id='word_1_114' title='bbox 632 2250 670 2308; x_wconf 88' lang='lat' dir='ltr'><strong>ut</strong></span> <span class='ocrx_word' id='word_1_115' title='bbox 692 2247 890 2324; x_wconf 87' lang='lat' dir='ltr'><strong>sanguinem</strong></span> <span class='ocrx_word' id='word_1_116' title='bbox 914 2249 1063 2311; x_wconf 90' lang='lat' dir='ltr'><strong>ablueret</strong></span> <span class='ocrx_word' id='word_1_117' title='bbox 1085 2249 1239 2312; x_wconf 87' lang='lat' dir='ltr'><strong>hausisse</strong></span> <span class='ocrx_word' id='word_1_118' title='bbox 1262 2267 1392 2327; x_wconf 89' lang='lat' dir='ltr'><strong>aquam.</strong></span> 
     </span>
     <span class='ocr_line' id='line_1_15' title="bbox 165 2337 1493 2444; baseline 0.002 -21"><span class='ocrx_word' id='word_1_119' title='bbox 165 2361 235 2437; x_wconf 83' lang='lat' dir='ltr'><strong>Quo</strong></span> <span class='ocrx_word' id='word_1_120' title='bbox 265 2377 343 2423; x_wconf 84' lang='lat' dir='ltr'><strong>vero</strong></span> <span class='ocrx_word' id='word_1_121' title='bbox 374 2363 471 2424; x_wconf 90' lang='lat' dir='ltr'><strong>modo</strong></span> <span class='ocrx_word' id='word_1_122' title='bbox 499 2362 544 2422; x_wconf 90' lang='lat' dir='ltr'><strong>ibi</strong></span> <span class='ocrx_word' id='word_1_123' title='bbox 567 2362 756 2438; x_wconf 86' lang='lat' dir='ltr'><strong>appellatur</strong></span> <span class='ocrx_word' id='word_1_124' title='bbox 779 2362 999 2423; x_wconf 76' lang='lat' dir='ltr'><strong>Trambelus?</strong></span> <span class='ocrx_word' id='word_1_125' title='bbox 1023 2358 1039 2421; x_wconf 83' lang='grc' dir='ltr'><strong>ὁ</strong></span> <span class='ocrx_word' id='word_1_126' title='bbox 1063 2371 1122 2422; x_wconf 78' lang='grc' dir='ltr'><strong>τῶν</strong></span> <span class='ocrx_word' id='word_1_127' title='bbox 1146 2361 1287 2444; x_wconf 70' lang='grc' dir='ltr'><strong>Λελέγων</strong></span> <span class='ocrx_word' id='word_1_128' title='bbox 1309 2366 1395 2444; x_wconf 82' lang='grc' dir='ltr'><strong><em>βασι-</em></strong></span> <span class='ocrx_word' id='word_1_129' title='bbox 1490 2337 1493 2346; x_wconf 56' lang='grc'><strong>’</strong></span> 
     </span>
     <span class='ocr_line' id='line_1_16' title="bbox 163 2474 1392 2556; baseline 0.006 -20"><span class='ocrx_word' id='word_1_130' title='bbox 163 2475 248 2548; x_wconf 63' lang='lat' dir='ltr'><strong>tergi</strong></span> <span class='ocrx_word' id='word_1_131' title='bbox 270 2474 451 2537; x_wconf 77' lang='lat' dir='ltr'><strong>coniunxit</strong></span> <span class='ocrx_word' id='word_1_132' title='bbox 469 2476 548 2537; x_wconf 79' lang='lat' dir='ltr'><strong>Ficlr</strong></span> <span class='ocrx_word' id='word_1_133' title='bbox 567 2477 706 2539; x_wconf 88' lang='lat' dir='ltr'><strong>nomina</strong></span> <span class='ocrx_word' id='word_1_134' title='bbox 723 2475 890 2537; x_wconf 80' lang='lat' dir='ltr'><strong>Tramheli</strong></span> <span class='ocrx_word' id='word_1_135' title='bbox 910 2478 943 2538; x_wconf 91' lang='lat' dir='ltr'><strong>st</strong></span> <span class='ocrx_word' id='word_1_136' title='bbox 962 2476 1122 2552; x_wconf 77' lang='lat' dir='ltr'><strong>Trampes</strong></span> <span class='ocrx_word' id='word_1_137' title='bbox 1134 2477 1187 2538; x_wconf 91' lang='grc'><strong>161</strong></span> <span class='ocrx_word' id='word_1_138' title='bbox 1199 2478 1392 2556; x_wconf 77' lang='lat' dir='ltr'><strong>Trampyae.</strong></span> 
     </span>
     <span class='ocr_line' id='line_1_17' title="bbox 167 2584 1394 2671; baseline 0.004 -23"><span class='ocrx_word' id='word_1_139' title='bbox 167 2589 295 2670; x_wconf 77' lang='grc' dir='ltr'><em>Τράμπη</em></span> <span class='ocrx_word' id='word_1_140' title='bbox 327 2593 381 2651; x_wconf 78' lang='lat' dir='ltr'><strong>est</strong></span> <span class='ocrx_word' id='word_1_141' title='bbox 409 2589 497 2661; x_wconf 78' lang='grc' dir='ltr'><strong><em>πόλις</em></strong></span> <span class='ocrx_word' id='word_1_142' title='bbox 515 2584 642 2660; x_wconf 87' lang='grc' dir='ltr'><strong><em>Ἰωνίας.</em></strong></span> <span class='ocrx_word' id='word_1_143' title='bbox 667 2589 727 2649; x_wconf 75' lang='lat' dir='ltr'><strong>Est</strong></span> <span class='ocrx_word' id='word_1_144' title='bbox 748 2587 885 2669; x_wconf 80' lang='grc' dir='ltr'><strong><em>τράμπις·</em></strong></span> <span class='ocrx_word' id='word_1_145' title='bbox 909 2597 986 2660; x_wconf 83' lang='grc' dir='ltr'><strong><em>ναῦς</em></strong></span> <span class='ocrx_word' id='word_1_146' title='bbox 1008 2585 1129 2667; x_wconf 70' lang='grc' dir='ltr'><strong><em>ἄκατος,</em></strong></span> <span class='ocrx_word' id='word_1_147' title='bbox 1150 2591 1294 2671; x_wconf 75' lang='grc' dir='ltr'><strong><em>πορθμίς,</em></strong></span> <span class='ocrx_word' id='word_1_148' title='bbox 1317 2589 1394 2665; x_wconf 73' lang='grc' dir='ltr'><strong><em>τινὲς</em></strong></span> 
     </span>
     <span class='ocr_line' id='line_1_18' title="bbox 163 2696 1399 2786; baseline 0.003 -22"><span class='ocrx_word' id='word_1_149' title='bbox 163 2708 254 2764; x_wconf 72' lang='grc' dir='ltr'><strong><em>πλοῖα</em></strong></span> <span class='ocrx_word' id='word_1_150' title='bbox 285 2703 457 2783; x_wconf 77' lang='grc' dir='ltr'><strong><em>βαρβαρικά</em></strong></span> <span class='ocrx_word' id='word_1_151' title='bbox 480 2696 664 2786; x_wconf 71' lang='lat' dir='ltr'><strong>(Horren).</strong></span> <span class='ocrx_word' id='word_1_152' title='bbox 688 2702 886 2764; x_wconf 81' lang='lat' dir='ltr'><strong>Trambelus</strong></span> <span class='ocrx_word' id='word_1_153' title='bbox 908 2703 1009 2778; x_wconf 87' lang='lat' dir='ltr'><strong>igitur</strong></span> <span class='ocrx_word' id='word_1_154' title='bbox 1032 2702 1200 2778; x_wconf 86' lang='lat' dir='ltr'><strong>significat</strong></span> <span class='ocrx_word' id='word_1_155' title='bbox 1223 2707 1399 2784; x_wconf 75' lang='grc' dir='ltr'><strong><em>νιορθμεύςε</em></strong></span> 
     </span>
     <span class='ocr_line' id='line_1_19' title="bbox 164 2818 405 2880; baseline 0.004 -3"><span class='ocrx_word' id='word_1_156' title='bbox 164 2818 250 2879; x_wconf 87' lang='grc'><strong>61161</strong></span> <span class='ocrx_word' id='word_1_157' title='bbox 273 2818 405 2880; x_wconf 83' lang='grc' dir='ltr'><strong>Ρ1166111</strong></span> 
     </span>
    </p>

    <p class='ocr_par' dir='ltr' id='par_1_5' title="bbox 163 2930 1398 3459">
     <span class='ocr_line' id='line_1_20' title="bbox 208 2930 1397 3006; baseline 0.002 -13"><span class='ocrx_word' id='word_1_158' title='bbox 208 2933 324 2993; x_wconf 88' lang='lat' dir='ltr'><strong>Nonne</strong></span> <span class='ocrx_word' id='word_1_159' title='bbox 358 2931 420 2992; x_wconf 89' lang='lat' dir='ltr'><strong>hoc</strong></span> <span class='ocrx_word' id='word_1_160' title='bbox 455 2932 654 3006; x_wconf 88' lang='lat' dir='ltr'><strong>argumento</strong></span> <span class='ocrx_word' id='word_1_161' title='bbox 685 2945 703 2990; x_wconf 88' lang='lat' dir='ltr'><strong>e</strong></span> <span class='ocrx_word' id='word_1_162' title='bbox 733 2930 860 3004; x_wconf 90' lang='lat' dir='ltr'><strong>mythis</strong></span> <span class='ocrx_word' id='word_1_163' title='bbox 890 2930 995 3005; x_wconf 87' lang='lat' dir='ltr'><strong>petito</strong></span> <span class='ocrx_word' id='word_1_164' title='bbox 1025 2930 1215 2992; x_wconf 73' lang='lat' dir='ltr'><strong>Telamonis</strong></span> <span class='ocrx_word' id='word_1_165' title='bbox 1238 2933 1397 2995; x_wconf 87' lang='lat' dir='ltr'><strong>divinitas</strong></span> 
     </span>
     <span class='ocr_line' id='line_1_21' title="bbox 163 3042 1398 3120; baseline 0.003 -15"><span class='ocrx_word' id='word_1_166' title='bbox 163 3044 354 3106; x_wconf 82' lang='lat' dir='ltr'><strong>stabilitur?</strong></span> <span class='ocrx_word' id='word_1_167' title='bbox 384 3044 476 3104; x_wconf 88' lang='lat' dir='ltr'><strong>Novo</strong></span> <span class='ocrx_word' id='word_1_168' title='bbox 499 3043 597 3104; x_wconf 91' lang='lat' dir='ltr'><strong>credo</strong></span> <span class='ocrx_word' id='word_1_169' title='bbox 621 3043 775 3118; x_wconf 87' lang='lat' dir='ltr'><strong>exemplo</strong></span> <span class='ocrx_word' id='word_1_170' title='bbox 799 3042 1074 3104; x_wconf 86' lang='lat' dir='ltr'><strong>confirmavimus</strong></span> <span class='ocrx_word' id='word_1_171' title='bbox 1095 3045 1203 3120; x_wconf 86' lang='lat' dir='ltr'><strong>legem</strong></span> <span class='ocrx_word' id='word_1_172' title='bbox 1227 3045 1398 3110; x_wconf 89' lang='lat' dir='ltr'><strong>Useneria·</strong></span> 
     </span>
     <span class='ocr_line' id='line_1_22' title="bbox 163 3155 1396 3234; baseline 0.003 -16"><span class='ocrx_word' id='word_1_173' title='bbox 163 3172 244 3218; x_wconf 92' lang='lat' dir='ltr'><strong>nam</strong></span> <span class='ocrx_word' id='word_1_174' title='bbox 268 3155 427 3227; x_wconf 83' lang='lat' dir='ltr'><strong>(Gottern.</strong></span> <span class='ocrx_word' id='word_1_175' title='bbox 452 3171 483 3231; x_wconf 90' lang='lat' dir='ltr'><strong>p.</strong></span> <span class='ocrx_word' id='word_1_176' title='bbox 508 3158 603 3226; x_wconf 69' lang='lat' dir='ltr'><strong>hohi:</strong></span> <span class='ocrx_word' id='word_1_177' title='bbox 630 3156 711 3231; x_wconf 81' lang='lat' dir='ltr'><strong>„wir</strong></span> <span class='ocrx_word' id='word_1_178' title='bbox 734 3155 850 3216; x_wconf 76' lang='lat' dir='ltr'><strong>durren</strong></span> <span class='ocrx_word' id='word_1_179' title='bbox 874 3156 938 3216; x_wconf 92' lang='lat' dir='ltr'><strong>mit</strong></span> <span class='ocrx_word' id='word_1_180' title='bbox 954 3156 1217 3234; x_wconf 88' lang='lat' dir='ltr'><strong>Ueberzeugung</strong></span> <span class='ocrx_word' id='word_1_181' title='bbox 1236 3160 1299 3221; x_wconf 90' lang='lat' dir='ltr'><strong>den</strong></span> <span class='ocrx_word' id='word_1_182' title='bbox 1319 3161 1396 3222; x_wconf 81' lang='lat' dir='ltr'><strong>Satn</strong></span> 
     </span>
     <span class='ocr_line' id='line_1_23' title="bbox 163 3269 1396 3349; baseline 0.003 -17"><span class='ocrx_word' id='word_1_183' title='bbox 163 3272 354 3349; x_wconf 87' lang='lat' dir='ltr'><strong>auistellen‚</strong></span> <span class='ocrx_word' id='word_1_184' title='bbox 379 3273 458 3332; x_wconf 86' lang='lat' dir='ltr'><strong>dass</strong></span> <span class='ocrx_word' id='word_1_185' title='bbox 480 3270 544 3331; x_wconf 91' lang='lat' dir='ltr'><strong>alle</strong></span> <span class='ocrx_word' id='word_1_186' title='bbox 567 3272 698 3332; x_wconf 92' lang='lat' dir='ltr'><strong>Heroen</strong></span> <span class='ocrx_word' id='word_1_187' title='bbox 722 3271 821 3331; x_wconf 87' lang='lat' dir='ltr'><strong>deren</strong></span> <span class='ocrx_word' id='word_1_188' title='bbox 845 3269 1164 3332; x_wconf 80' lang='lat' dir='ltr'><strong>(leschiohtlichkeit</strong></span> <span class='ocrx_word' id='word_1_189' title='bbox 1187 3272 1281 3334; x_wconf 88' lang='lat' dir='ltr'><strong>nicht</strong></span> <span class='ocrx_word' id='word_1_190' title='bbox 1301 3277 1396 3336; x_wconf 89' lang='lat' dir='ltr'><strong>nach·</strong></span> 
     </span>
     <span class='ocr_line' id='line_1_24' title="bbox 163 3383 1338 3459; baseline 0.002 -15"><span class='ocrx_word' id='word_1_191' title='bbox 163 3385 306 3446; x_wconf 86' lang='lat' dir='ltr'><strong>weisbar</strong></span> <span class='ocrx_word' id='word_1_192' title='bbox 328 3385 406 3447; x_wconf 94' lang='lat' dir='ltr'><strong>oder</strong></span> <span class='ocrx_word' id='word_1_193' title='bbox 430 3385 708 3446; x_wconf 89' lang='lat' dir='ltr'><strong>wahrscheinlioh</strong></span> <span class='ocrx_word' id='word_1_194' title='bbox 731 3384 777 3444; x_wconf 88' lang='lat' dir='ltr'><strong>ist</strong></span> <span class='ocrx_word' id='word_1_195' title='bbox 799 3383 1032 3459; x_wconf 86' lang='lat' dir='ltr'><strong>ursprunglich</strong></span> <span class='ocrx_word' id='word_1_196' title='bbox 1055 3383 1168 3445; x_wconf 81' lang='lat' dir='ltr'><strong>Gotter</strong></span> <span class='ocrx_word' id='word_1_197' title='bbox 1191 3391 1338 3449; x_wconf 87' lang='lat' dir='ltr'><strong>waren.”</strong></span> 
     </span>
    </p>
   </div>
   <div class='ocr_carea' id='block_1_3' title="bbox 372 3960 1190 4045">
    <p class='ocr_par' dir='ltr' id='par_1_6' title="bbox 372 3960 1190 4045">
     <span class='ocr_line' id='line_1_25' title="bbox 372 3960 1190 4045; baseline 0.004 -18"><span class='ocrx_word' id='word_1_198' title='bbox 372 3960 476 4027; x_wconf 88' lang='lat' dir='ltr'><strong>XllI.</strong></span> <span class='ocrx_word' id='word_1_199' title='bbox 504 3960 556 4027; x_wconf 83' lang='lat' dir='ltr'><strong>lle</strong></span> <span class='ocrx_word' id='word_1_200' title='bbox 578 3960 741 4028; x_wconf 87' lang='lat' dir='ltr'><strong>Locridis</strong></span> <span class='ocrx_word' id='word_1_201' title='bbox 764 3961 893 4029; x_wconf 89' lang='lat' dir='ltr'><strong>incolis</strong></span> <span class='ocrx_word' id='word_1_202' title='bbox 917 3963 1190 4045; x_wconf 81' lang='lat' dir='ltr'><strong>antiquissimis.</strong></span> 
     </span>
    </p>
   </div>
   <div class='ocr_carea' id='block_1_4' title="bbox 164 4175 1397 4840">
    <p class='ocr_par' dir='ltr' id='par_1_7' title="bbox 165 4175 1395 4505">
     <span class='ocr_line' id='line_1_26' title="bbox 210 4175 1395 4279; baseline 0.003 -21"><span class='ocrx_word' id='word_1_203' title='bbox 210 4199 382 4274; x_wconf 88' lang='lat' dir='ltr'><strong>Philippus</strong></span> <span class='ocrx_word' id='word_1_204' title='bbox 413 4198 648 4275; x_wconf 82' lang='lat' dir='ltr'><strong>Suangelensis</strong></span> <span class='ocrx_word' id='word_1_205' title='bbox 679 4175 855 4274; x_wconf 79' lang='lat' dir='ltr'><strong>(suangela</strong></span> <span class='ocrx_word' id='word_1_206' title='bbox 885 4199 999 4262; x_wconf 82' lang='lat' dir='ltr'><strong>dariae</strong></span> <span class='ocrx_word' id='word_1_207' title='bbox 1030 4203 1102 4262; x_wconf 87' lang='grc'><strong>6161</strong></span> <span class='ocrx_word' id='word_1_208' title='bbox 1132 4201 1299 4278; x_wconf 85' lang='lat' dir='ltr'><strong>oppidum)</strong></span> <span class='ocrx_word' id='word_1_209' title='bbox 1327 4217 1395 4279; x_wconf 89' lang='lat' dir='ltr'><strong>per·</strong></span> 
     </span>
     <span class='ocr_line' id='line_1_27' title="bbox 165 4308 1395 4393; baseline 0.003 -22"><span class='ocrx_word' id='word_1_210' title='bbox 165 4311 301 4373; x_wconf 77' lang='lat' dir='ltr'><strong>bibebat</strong></span> <span class='ocrx_word' id='word_1_211' title='bbox 330 4310 363 4372; x_wconf 79' lang='grc' dir='ltr'><strong>ἐν</strong></span> <span class='ocrx_word' id='word_1_212' title='bbox 393 4322 432 4388; x_wconf 84' lang='grc' dir='ltr'><strong>τῷ</strong></span> <span class='ocrx_word' id='word_1_213' title='bbox 463 4308 531 4391; x_wconf 71' lang='grc' dir='ltr'><strong>περὶ</strong></span> <span class='ocrx_word' id='word_1_214' title='bbox 558 4314 671 4391; x_wconf 83' lang='grc' dir='ltr'><strong><em>Καρῶν</em></strong></span> <span class='ocrx_word' id='word_1_215' title='bbox 694 4309 745 4370; x_wconf 76' lang='grc' dir='ltr'><strong>καὶ</strong></span> <span class='ocrx_word' id='word_1_216' title='bbox 769 4310 910 4392; x_wconf 76' lang='grc' dir='ltr'><em>Λελέγων</em></span> <span class='ocrx_word' id='word_1_217' title='bbox 930 4313 1156 4393; x_wconf 73' lang='grc' dir='ltr'><strong><em>σνγγριῖμματιτ</em></strong></span> <span class='ocrx_word' id='word_1_218' title='bbox 1185 4317 1310 4393; x_wconf 56' lang='lat' dir='ltr'><strong>„Kapan</strong></span> <span class='ocrx_word' id='word_1_219' title='bbox 1333 4319 1395 4387; x_wconf 82' lang='grc' dir='ltr'><strong><em>τοῖς</em></strong></span> 
     </span>
     <span class='ocr_line' id='line_1_28' title="bbox 165 4423 1395 4505; baseline 0.004 -22"><span class='ocrx_word' id='word_1_220' title='bbox 165 4423 292 4496; x_wconf 79' lang='grc' dir='ltr'><strong><em>Λέλεξιν</em></strong></span> <span class='ocrx_word' id='word_1_221' title='bbox 312 4423 351 4497; x_wconf 80' lang='grc' dir='ltr'><strong>ὡς</strong></span> <span class='ocrx_word' id='word_1_222' title='bbox 372 4423 501 4496; x_wconf 71' lang='grc' dir='ltr'><strong><em>οἰκέταις</em></strong></span> <span class='ocrx_word' id='word_1_223' title='bbox 520 4424 692 4505; x_wconf 77' lang='grc' dir='ltr'><strong><em>χρήσασθαι</em></strong></span> <span class='ocrx_word' id='word_1_224' title='bbox 712 4424 805 4483; x_wconf 77' lang='grc' dir='ltr'><strong><em>πάλαι</em></strong></span> <span class='ocrx_word' id='word_1_225' title='bbox 825 4447 855 4485; x_wconf 83' lang='grc' dir='ltr'><strong>τε</strong></span> <span class='ocrx_word' id='word_1_226' title='bbox 871 4423 923 4484; x_wconf 82' lang='grc' dir='ltr'><strong>ναὶ</strong></span> <span class='ocrx_word' id='word_1_227' title='bbox 936 4429 1025 4486; x_wconf 80' lang='grc' dir='ltr'><strong><em>νῦν”.</em></strong></span> <span class='ocrx_word' id='word_1_228' title='bbox 1037 4427 1155 4498; x_wconf 80' lang='lat' dir='ltr'><strong>(Strab.</strong></span> <span class='ocrx_word' id='word_1_229' title='bbox 1169 4427 1250 4487; x_wconf 87' lang='lat' dir='ltr'>XIII</span> <span class='ocrx_word' id='word_1_230' title='bbox 1262 4444 1293 4504; x_wconf 89' lang='lat' dir='ltr'><strong>p.</strong></span> <span class='ocrx_word' id='word_1_231' title='bbox 1308 4429 1395 4498; x_wconf 91' lang='grc'><strong>611).</strong></span> 
     </span>
    </p>

    <p class='ocr_par' dir='ltr' id='par_1_8' title="bbox 164 4534 1397 4840">
     <span class='ocr_line' id='line_1_29' title="bbox 210 4534 1397 4620; baseline 0.001 -21"><span class='ocrx_word' id='word_1_232' title='bbox 210 4540 426 4601; x_wconf 89' lang='lat' dir='ltr'><strong>Discernebat</strong></span> <span class='ocrx_word' id='word_1_233' title='bbox 449 4540 552 4614; x_wconf 90' lang='lat' dir='ltr'><strong>igitur</strong></span> <span class='ocrx_word' id='word_1_234' title='bbox 574 4555 664 4601; x_wconf 90' lang='lat' dir='ltr'><strong>more</strong></span> <span class='ocrx_word' id='word_1_235' title='bbox 689 4539 858 4600; x_wconf 88' lang='lat' dir='ltr'><strong>homerico</strong></span> <span class='ocrx_word' id='word_1_236' title='bbox 880 4534 922 4620; x_wconf 84' lang='lat' dir='ltr'><strong>(li</strong></span> <span class='ocrx_word' id='word_1_237' title='bbox 945 4541 1011 4601; x_wconf 83' lang='lat'><strong>428</strong></span> <span class='ocrx_word' id='word_1_238' title='bbox 1035 4545 1096 4616; x_wconf 81' lang='lat' dir='ltr'><strong>sq.)</strong></span> <span class='ocrx_word' id='word_1_239' title='bbox 1116 4541 1252 4616; x_wconf 82' lang='lat' dir='ltr'><strong>Leleges</strong></span> <span class='ocrx_word' id='word_1_240' title='bbox 1272 4557 1292 4601; x_wconf 90' lang='lat' dir='ltr'><strong>a</strong></span> <span class='ocrx_word' id='word_1_241' title='bbox 1311 4539 1397 4602; x_wconf 80' lang='lat' dir='ltr'><strong>(iari-</strong></span> 
     </span>
     <span class='ocr_line' id='line_1_30' title="bbox 164 4654 1397 4731; baseline 0.001 -18"><span class='ocrx_word' id='word_1_242' title='bbox 164 4654 237 4729; x_wconf 87' lang='lat' dir='ltr'><strong>bus,</strong></span> <span class='ocrx_word' id='word_1_243' title='bbox 267 4655 355 4715; x_wconf 87' lang='lat' dir='ltr'><strong>inter</strong></span> <span class='ocrx_word' id='word_1_244' title='bbox 385 4670 468 4729; x_wconf 87' lang='lat' dir='ltr'><strong>quos</strong></span> <span class='ocrx_word' id='word_1_245' title='bbox 495 4655 612 4716; x_wconf 88' lang='lat' dir='ltr'><strong>eadem</strong></span> <span class='ocrx_word' id='word_1_246' title='bbox 635 4655 721 4715; x_wconf 88' lang='lat' dir='ltr'><strong>ratio</strong></span> <span class='ocrx_word' id='word_1_247' title='bbox 746 4654 919 4715; x_wconf 88' lang='lat' dir='ltr'><strong>exstitisse</strong></span> <span class='ocrx_word' id='word_1_248' title='bbox 942 4655 1085 4731; x_wconf 89' lang='lat' dir='ltr'><strong>videtur,</strong></span> <span class='ocrx_word' id='word_1_249' title='bbox 1108 4669 1192 4728; x_wconf 88' lang='lat' dir='ltr'><strong>quae</strong></span> <span class='ocrx_word' id='word_1_250' title='bbox 1215 4657 1287 4714; x_wconf 88' lang='grc'><strong>6161</strong></span> <span class='ocrx_word' id='word_1_251' title='bbox 1311 4654 1397 4715; x_wconf 90' lang='lat' dir='ltr'><strong>inter</strong></span> 
     </span>
     <span class='ocr_line' id='line_1_31' title="bbox 166 4765 1201 4840; baseline 0.004 -15"><span class='ocrx_word' id='word_1_252' title='bbox 166 4765 352 4840; x_wconf 79' lang='lat' dir='ltr'><strong>spartiatas</strong></span> <span class='ocrx_word' id='word_1_253' title='bbox 376 4770 410 4829; x_wconf 90' lang='lat' dir='ltr'><strong>et</strong></span> <span class='ocrx_word' id='word_1_254' title='bbox 432 4768 562 4830; x_wconf 82' lang='lat' dir='ltr'><strong>Hilotae</strong></span> <span class='ocrx_word' id='word_1_255' title='bbox 586 4769 639 4830; x_wconf 88' lang='lat' dir='ltr'><strong>vel</strong></span> <span class='ocrx_word' id='word_1_256' title='bbox 661 4769 749 4830; x_wconf 90' lang='lat' dir='ltr'><strong>inter</strong></span> <span class='ocrx_word' id='word_1_257' title='bbox 772 4769 951 4830; x_wconf 75' lang='lat' dir='ltr'><strong>Thessalos</strong></span> <span class='ocrx_word' id='word_1_258' title='bbox 974 4772 1008 4830; x_wconf 91' lang='lat' dir='ltr'><strong>et</strong></span> <span class='ocrx_word' id='word_1_259' title='bbox 1031 4770 1201 4830; x_wconf 87' lang='lat' dir='ltr'><strong>Penestas.</strong></span> 
     </span>
    </p>
   </div>
   <div class='ocr_carea' id='block_1_5' title="bbox 0 0 1768 5692">
    <p class='ocr_par' dir='ltr' id='par_1_9' title="bbox 0 0 1768 5692">
     <span class='ocr_line' id='line_1_32' title="bbox 0 0 1768 5692; baseline 0 0"><span class='ocrx_word' id='word_1_260' title='bbox 0 0 1768 5692; x_wconf 95' lang='lat' dir='ltr'><strong> </strong></span> 
     </span>
    </p>
   </div>
  </div>
 </body>
</html>
