3525 5692
357 694 399 752 88
880 709 921 753 nr
944 708 1054 754 maon.

401 870 447 938 8⁰.
471 880 565 952 patre
595 880 711 952 postea
741 893 822 938 usus
852 880 906 939 est
936 876 1131 951 Telamone,
1161 877 1221 936 deo
1244 876 1374 936 marino
1398 875 1588 950 regionibus

470 991 503 1050 in
533 990 694 1066 Lelegeiis
729 991 898 1066 venerato,
935 992 992 1052 sed
1026 990 1141 1051 habuit
1164 991 1241 1050 ante
1265 989 1417 1059 (Oiileum
1450 989 1488 1049 de
1517 1003 1583 1061 quo

472 1119 553 1166 mox
571 1104 720 1180 pluribus
743 1105 909 1180 agendum
933 1106 1006 1165 erit.

402 1212 451 1278 4⁰.
476 1233 559 1279 avua
582 1217 693 1278 Aiacis
715 1216 778 1278 luit
803 1216 917 1278 Orcus.

401 1325 449 1392 5⁰.
473 1332 616 1406 statura,
636 1329 758 1405 indole,
780 1330 979 1406 pervicacia,
1000 1329 1148 1406 libidine,
1172 1328 1454 1404 magniloquentia
1473 1327 1584 1404 gigan-

471 1445 517 1505 tis
540 1446 696 1505 naturam
721 1441 906 1505 confltetur.

354 1602 358 1610 .
403 1553 451 1619 60.
476 1559 608 1634 propter
642 1559 752 1619 cutem
787 1557 828 1618 ab
863 1557 1018 1619 omnibus
1049 1558 1242 1620 vulneribus
1272 1560 1381 1618 tutam
1411 1557 1542 1618 nonnisi
1564 1573 1587 1617 a

475 1672 567 1732 terra
588 1674 738 1732 remotus
762 1704 802 1716 -
827 1672 865 1731 ut
886 1672 1035 1732 Antaeus
1058 1672 1092 1734 in
1115 1686 1191 1733 aere
1215 1703 1256 1718 -
1280 1671 1312 1731 in
1334 1671 1420 1731 mari
1438 1671 1586 1731 interimi

473 1786 604 1858 poterat
626 1784 762 1859 rupibus
786 1784 926 1846 obrutus
950 1784 1003 1845 vel
1027 1785 1167 1846 fulmine
1190 1785 1280 1846 Iovis
1303 1799 1490 1859 percussus.

404 1891 451 1958 7⁰.
475 1896 604 1958 interiit
655 1898 739 1983 apud
784 1897 980 1974 Myconum,
1030 1896 1085 1958 ubi
1121 1898 1235 1959 ultimi
1275 1896 1454 1972 Gigantum
1489 1899 1585 1958 erant

473 2011 640 2086 prostrati.

402 2116 448 2184 8⁰.
472 2122 578 2184 tribus
608 2123 764 2184 manibus
794 2125 865 2184 erat
897 2123 1096 2200 instructus,
1125 2124 1171 2184 ita
1198 2126 1235 2185 ut
1258 2125 1402 2199 speciem
1426 2123 1587 2197 Geryonis

474 2236 645 2297 cuiusdam
669 2235 777 2296 forma
799 2235 973 2310 tricorpori
996 2236 1340 2324 praeditispraeberet.

403 2346 450 2411 90.
476 2350 596 2425 anguis
626 2350 812 2410 immensus
842 2350 952 2410 herois
984 2364 1081 2411 verae
1111 2351 1249 2410 naturae
1273 2350 1306 2410 et
1328 2349 1466 2424 originis
1488 2349 1585 2409 testis

475 2479 552 2524 eum
576 2462 787 2536 sequebatur.

383 2570 450 2637 10⁰.
475 2578 575 2636 hasta
615 2575 796 2650 praelonga
837 2574 1067 2650 lapidibusque
1106 2591 1143 2636 ee
1177 2575 1351 2637 defendere
1384 2576 1437 2637 vel
1471 2575 1586 2635 hostes

474 2703 585 2750 arcere
608 2687 746 2749 solebat.

383 2797 450 2864 110.
475 2818 553 2878 prae
584 2802 703 2862 ceteris
734 2801 805 2862 deis
835 2802 1019 2864 Minervam
1051 2800 1105 2880 τὴν
1134 2799 1390 2882 γιγαντολέτειρον
1415 2802 1583 2863 inimicam

474 2915 538 2975 sibi
562 2914 714 2976 habebat.

383 3025 449 3090 12⁰.
473 3028 644 3102 Lelegeius
678 3027 763 3103 pelle
798 3028 931 3089 leonina
962 3063 1003 3073 —
1031 3030 1158 3091 amictu
1181 3029 1372 3104 gigantibus
1395 3030 1519 3089 usitato
1542 3061 1579 3069 -

473 3140 610 3201 indutus
632 3142 780 3215 apparet.

382 3249 446 3315 13⁰.
471 3255 505 3314 in
540 3254 673 3314 heroem
708 3255 859 3313 mutatus
895 3255 929 3312 et
964 3253 1167 3314 Salaminius
1197 3255 1307 3316 iactus
1337 3254 1583 3315 immanitatem

471 3367 643 3429 efferatam
674 3367 808 3443 abiecit,
833 3368 943 3428 evasit
966 3367 1171 3429 fortissimus
1194 3369 1401 3430 Achaeorum
1424 3368 1583 3442 defensor,

384 3530 386 3535 .
472 3483 529 3543 sed
553 3482 608 3556 qui
630 3482 802 3558 tarditate,
828 3482 1028 3557 pervicacia,
1052 3481 1234 3556 proeliandi
1257 3497 1361 3558 more,
1387 3481 1584 3560 οιροφνόιητι

471 3597 642 3671 antiquam
657 3596 809 3670 proderet
827 3597 994 3655 naturam.
1017 3594 1295 3670 Magniloquentia
1315 3598 1428 3656 autem
1447 3595 1581 3656 etlaaci-

471 3714 524 3772 via
553 3710 744 3786 gigantibus
775 3709 907 3784 propria
937 3710 1171 3770 remanserunt
1202 3709 1234 3768 in
1267 3709 1370 3769 altero
1394 3708 1504 3784 Aiace,
1528 3708 1581 3781 qui

395 3844 397 3849 ·
472 3827 582 3887 solum
613 3823 723 3885 natale
748 3837 932 3895 numquam
963 3822 1123 3898 deseruit,
1149 3823 1212 3883 nisi
1236 3824 1274 3882 ut
1297 3822 1526 3882 Telamonium
1549 3821 1581 3879 in

468 3939 591 4000 bellum
634 3938 802 3997 troianum
844 3936 1048 4008 sequeretur.
1084 3936 1132 3996 ibi
1175 3953 1253 3997 vero
1296 3936 1479 3996 Telamouii
1513 3935 1583 3994 erat

469 4051 629 4126 „umbra”
653 4049 792 4123 originis
814 4063 896 4109 suae
920 4048 1003 4109 bene
1027 4063 1166 4124 memor,
1189 4050 1236 4108 ita
1259 4051 1297 4109 ut
1321 4047 1431 4107 Αἴαντε
1452 4047 1582 4122 saepius

465 4165 499 4225 iu
518 4178 621 4224 uuam
638 4162 843 4235 eandemque
862 4176 1039 4236 personam
1061 4163 1298 4239 concreverint,
1311 4161 1426 4236 quales
1442 4160 1582 4238 Neptuni

467 4277 526 4339 filii
553 4276 720 4355 Ἀκτορίωνε
756 4275 893 4336 Μολίονε
926 4280 968 4346 (Λ
1001 4277 1088 4347 750).
1121 4276 1372 4338 Observandum
1403 4275 1494 4336 enim
1517 4280 1581 4348 est,

466 4392 528 4452 hos
561 4406 689 4465 quoque
724 4392 842 4451 heroes
876 4390 1052 4464 giganteos
1083 4391 1211 4450 marino
1244 4406 1319 4451 cum
1351 4389 1488 4450 numine
1511 4402 1581 4449 con·

469 4504 600 4565 iunctos
624 4519 709 4564 esse.

379 4614 444 4678 14⁰.
469 4616 702 4694 Philostratus,
723 4618 779 4678 ubi
798 4618 837 4678 de
856 4619 956 4678 Aiace
976 4618 1104 4677 minore
1125 4617 1192 4691 agit
1216 4615 1305 4685 (Her.
1320 4617 1396 4686 706)
1419 4617 1584 4692 imprimis

468 4733 501 4790 in
526 4747 564 4792 eo
588 4734 685 4792 notat
708 4733 812 4793 aciem
834 4733 1004 4793 oculorum
1026 4731 1213 4805 ardentem,
1242 4729 1435 4804 capillorum
1454 4731 1583 4790 motum
