3525 5692
401 708 445 768 66
920 713 965 758 nn
985 712 1098 758 moa

397 906 566 966 nunquam
585 890 620 951 in
635 883 751 950 'Attica
767 887 888 947 saltem
907 885 1015 946 sacris
1031 883 1182 960 plasme
1200 887 1346 960 apparet
1365 885 1431 946 Ubi
1441 903 1522 950 vero
1532 890 1623 950 'l'ela-

397 1007 506 1068 monis
526 1004 649 1080 cultus,
673 1001 778 1075 siqui
796 1013 939 1073 usquam
960 1001 1128 1059 terramm
1150 999 1298 1074 exstitit,
1321 1003 1529 1072 quaerendus
1547 1009 1624 1066 est?

441 1118 656 1181 sacerdotum
685 1117 833 1176 stemma
860 1113 969 1188 primo
997 1111 1050 1172 rel
1079 1111 1186 1172 altero
1207 1112 1343 1173 saeculo
1364 1129 1395 1174 a
1418 1112 1454 1175 c.
1476 1130 1510 1176 n.
1534 1117 1623 1178 Hali-

397 1233 545 1295 camasei
578 1228 801 1305 compositum
835 1230 874 1287 ut
903 1225 968 1286 lruc
997 1239 1126 1286 necnon
1155 1225 1198 1286 ad
1227 1227 1301 1286 eius
1322 1225 1416 1286 urbis
1437 1229 1624 1305 μητρόπολιν

396 1347 510 1409 oculos
521 1347 693 1406 vertamus
704 1357 766 1403 nos
777 1341 878 1416 cogit.
889 1337 1000 1399 Verba
1008 1342 1090 1399 sunt
1099 1338 1182 1398 haec
1192 1338 1352 1408 (Dittenb.
1364 1338 1445 1415 Syll.
1457 1337 1514 1402 ΝΟ.
1528 1345 1622 1422 608);

441 1453 738 1536 ...Ἀριστοκλέους
760 1452 950 1533 μεταγράψαι
976 1449 1046 1516 <ts
1066 1459 1120 1528 τῆς
1146 1449 1272 1529 ἀρχαίοις
1293 1453 1442 1531 σιή>λης
1459 1464 1513 1533 τῆς
1531 1478 1623 1535 nepe.

395 1573 510 1651 σιῶσης
532 1575 594 1643 τοῖς
617 1567 767 1650 ἀγάλμασι
789 1571 850 1639 τοῖς
874 1574 928 1626 τοῦ
951 1565 1146 1636 Ποσειδῶνος
1172 1573 1227 1626 τοῦ
1244 1561 1386 1644 Ἰσθμίου
1408 1569 1480 1641 τοὺς
1502 1591 1622 1649 γεγενψ

395 1685 505 1766 μένους
527 1682 588 1745 det
610 1691 663 1761 τῆς
686 1682 808 1754 κτίσεως
830 1679 906 1740 κατὰ
934 1677 1023 1760 γένος
1049 1678 1137 1758 ἱερεῖς
1159 1687 1214 1740 τοῦ
1238 1681 1434 1754 Ποσειδῶνος
1455 1691 1510 1743 τοῦ
1531 1690 1622 1744 sudr-

395 1799 560 1882 δρυθένιος
593 1796 655 1859 ὑπὸ
690 1805 750 1857 τῶν
779 1793 836 1872 τὴν
858 1791 1079 1859 ἆκοιιιί<αν>
1111 1792 1217 1858 Qu>
1254 1797 1418 1874 Τροιζῆνος
1445 1793 1622 1877 ἀγαγόντων

397 1915 566 1977 Ποσειδῶνι
598 1909 650 1972 xci
685 1908 936 1974 Ἁπόλλω<υι>
967 1906 1045 1968 εἰσὶν
1075 1904 1109 1968 δὲ
1137 1905 1171 1967 ἐν
1200 1907 1280 1993 αὐτῇ
1308 1907 1397 1988 ἱερεῖς
1426 1917 1481 1968 τοῦ
1512 1913 1622 1970 Ποσει·

394 2032 492 2102 tom
513 2028 586 2090 οἵδε·

740 2135 883 2212 Τελαμὼν
943 2135 1138 2207 Ποσειδῶνος
1164 2132 1217 2214 ἔτη
1243 2132 1283 2214 ιβ’

738 2250 883 2322 avalloc
945 2254 1125 2327 Τελαμῶνος
1239 2246 1285 2320 ιζ’

733 2359 869 2443 ςἸιιὲυης
946 2368 1124 2441 Τελαμῶνος
1250 2360 1284 2420 θ’

739 2477 916 2549 Ἀλκυονεὺς
946 2481 1125 2554 Τελαμῶνος
1243 2474 1284 2554 ιβ’

742 2591 887 2669 Τελαμὼν
943 2590 1090 2651 Metalce
1233 2587 1282 2668 ιβ

735 2700 860 2784 ’Ἰριευς
943 2704 1089 2766 anatho
1255 2702 1285 2783 η’

733 2815 851 2891 ’Ἀυθιις
941 2816 1122 2890 Ἀλκυονέως
1238 2815 1284 2877 ιθ’
1305 2839 1333 2876 ι.
1353 2840 1377 2877 τ.
1396 2822 1422 2877 λ.

436 2937 524 2997 Ante
547 2949 671 2995 nomen
694 2933 871 2994 Aristoclis
893 2933 1071 3008 legendum
1091 2932 1228 2992 coniecit
1246 2931 1394 2992 Boeckh:
1413 2930 1553 3004 εἰπόντος
1568 2941 1625 2992 τοῦ

392 3053 491 3123 δεῖνος
513 3057 575 3110 τοῦ.
599 3049 757 3111 Omnium
775 3048 990 3108 sacerdotum
1004 3047 1084 3107 anni
1095 3045 1279 3120 computati
1290 3043 1622 3107 efficiuntsummam

390 3166 648 3239 quingentorum
671 3165 840 3237 quattuor.
1289 3145 1310 3166 “

434 3278 576 3338 Auctore
605 3277 707 3351 igitur
733 3274 912 3336 Aristoclis
933 3273 1002 3335 filio
1026 3291 1044 3335 e
1066 3275 1223 3336 columna
1245 3277 1397 3352 antiqua,
1421 3291 1505 3351 quae
1530 3276 1620 3336 Hali·

391 3391 539 3451 carnasei
557 3391 654 3450 iuxta
672 3390 836 3465 imagines
855 3389 1000 3464 Neptuni
1019 3389 1154 3450 Isthmii
1165 3390 1407 3466 inveniebatur,
1419 3391 1627 3466 transcripta

390 3483 471 3563 sun't
503 3502 642 3563 nomina
675 3502 827 3563 omnium
857 3517 989 3577 eorum,
1023 3503 1080 3576 qui
1110 3503 1151 3563 ab
1173 3503 1255 3564 urbe
1276 3504 1410 3565 condita
1435 3501 1511 3562 κατὰ
1533 3501 1622 3583 γένος

389 3615 580 3678 sacerdotes
609 3615 745 3677 fuerunt
773 3616 920 3692 Neptuni
942 3614 1048 3692 illius,
1072 3631 1172 3689 quem
1194 3616 1361 3678 Troezene
1383 3631 1498 3678 secum
1521 3617 1625 3677 duxe-

389 3732 466 3790 rant
488 3729 718 3790 Halicarnassi
741 3729 940 3790 conditores.

437 3843 504 3904 llac
525 3845 625 3904 notas
648 3843 839 3903 numerales
861 3843 930 3902 iam
953 3842 1059 3904 fuisse
1078 3843 1113 3902 in
1132 3843 1248 3903 tabula
1265 3845 1403 3918 antiqua
1419 3845 1507 3906 unde
1519 3860 1625 3906 sacer·

393 3957 510 4018 dotum
544 3957 681 4018 nomina
712 3959 791 4017 sunt
821 3957 1041 4033 transcripta;
1070 3956 1123 4018 fac
1152 3958 1325 4031 antiquam
1355 3956 1449 4018 illam
1472 3957 1623 4018 tabulam

385 4071 639 4133 adscribendam
662 4086 737 4132 esse
761 4072 896 4132 saeculo
919 4072 1052 4147 quinto,
1076 4071 1235 4144 quoniam
1257 4074 1339 4132 tune
1357 4072 1520 4146 temporis
1538 4071 1626 4131 tales

389 4187 487 4246 notae
510 4184 656 4245 usitatas
678 4185 782 4246 fuisse
805 4185 1036 4246 Halicarnassi
1058 4185 1207 4245 ostendit
1228 4185 1349 4246 titulus
1371 4184 1419 4245 XI
1450 4185 1534 4260 apud
1555 4183 1625 4244 Dit-

385 4299 611 4374 tentergium3
635 4298 713 4373 quid
736 4299 812 4359 inde
831 4298 1004 4372 sequitur?
1024 4299 1238 4359 sacerdotum
1257 4297 1469 4374 genealogiae
1487 4297 1620 4358 initium
1735 4346 1736 4369 ἶ

387 4412 587 4473 adscendere
611 4412 651 4472 ad
676 4412 825 4473 medium
848 4412 1021 4473 saeculum
1041 4428 1185 4473 nonum:
1207 4413 1272 4473 500
1292 4413 1383 4472 enim
1403 4427 1509 4472 annos
1519 4412 1625 4472 series

385 4525 459 4601 ipsa
494 4526 734 4601 complectitur.
770 4527 842 4587 Hoc
878 4542 956 4588 vero
987 4527 1122 4588 saeculo
1153 4541 1271 4588 revera
1300 4526 1401 4587 urbes
1431 4525 1562 4586 doricae
1588 4526 1622 4585 in
1735 4542 1736 4563 ι

384 4639 486 4700 Asiae
509 4639 606 4700 litore
632 4639 827 4700 occidentali
851 4643 932 4700 sunt
955 4641 1117 4701 conditae.

427 4752 649 4827 Reperiuntur
678 4752 713 4812 in
746 4754 926 4813 stemmate
957 4756 1072 4814 nostro
1102 4767 1225 4828 genera
1243 4753 1441 4826 quindecim.
1473 4751 1621 4812 Ultimus
