3525 5692
704 727 748 769 nn
771 727 880 770 Arnon.
1362 710 1403 768 41

178 900 295 962 Troiae
326 900 440 961 hostes
470 901 590 960 Aiaces
614 916 634 960 a
656 900 803 961 Minerva
824 902 859 961 in
888 903 922 958 Ψ
941 900 1082 960 ludibrio
1105 899 1277 961 habentur.
1301 898 1408 958 Huius

180 1015 246 1075 odii
270 1029 370 1075 causa
393 1015 427 1074 et
445 1013 642 1089 principium
663 1014 697 1074 in
715 1014 851 1074 Graecia
870 1015 1058 1088 quaerenda
1076 1014 1164 1075 sunt.
1184 1013 1274 1089 Quod
1286 1011 1407 1072 idcirco

179 1128 343 1207 memoria
383 1129 565 1190 tenendum
599 1145 673 1190 esse
707 1129 907 1206 iudicamus,
944 1130 1100 1202 quoniam
1134 1129 1259 1190 nostris
1294 1126 1409 1188 diebus

179 1241 319 1303 Bethius
360 1243 497 1318 probare
539 1245 678 1303 conatus
712 1245 764 1304 est
798 1245 875 1303 ante
910 1243 993 1304 alios
1027 1259 1143 1304 omnes
1178 1241 1407 1303 Telamonium

180 1357 399 1417 Troianorum
419 1357 611 1417 habendum
629 1371 702 1418 esse
722 1359 852 1418 hostem
873 1357 1009 1428 (Homer
1028 1358 1093 1418 und
1113 1357 1164 1418 die
1183 1355 1406 1428 Heldensage;

180 1471 241 1532 Die
263 1470 339 1544 troj.
363 1471 484 1545 Ausgr.
508 1472 573 1532 und
597 1471 649 1532 die
672 1470 925 1542 Homerkritilr).
949 1471 1045 1532 Unde
1067 1471 1163 1532 facile
1189 1503 1227 1513 -
1249 1470 1307 1533 sed
1324 1467 1408 1528 falso

180 1584 211 1644 si
234 1584 311 1658 quid
334 1584 537 1645 videmus-
553 1585 727 1647 deduxerit
751 1585 870 1659 aliquis
894 1585 1075 1646 Minervam
1101 1587 1214 1660 utpote
1232 1583 1407 1664 ῥυσίααολιν

178 1700 389 1773 persecutam
414 1714 488 1759 esse
511 1699 658 1760 Aiacem.

223 1813 268 1875 At
301 1827 367 1874 non
402 1828 479 1873 curn
514 1813 663 1874 Minerva
697 1813 802 1882 (cuius
836 1813 986 1873 numinis
1020 1814 1058 1872 ut
1087 1813 1120 1872 in
1153 1815 1177 1871 Z
1211 1810 1407 1872 describitur

175 1927 301 2002 posteri
323 1927 489 1988 rationem
513 1926 700 1988 habuerunt
723 1926 850 1987 nullam
875 1926 1018 1986 testibus
1045 1926 1193 1986 nummis
1216 1925 1407 2000 Iliensibus,

176 2041 264 2101 teste
287 2055 415 2114 quoque
437 2039 645 2102 sacrificandi
664 2041 731 2101 ritu
750 2042 783 2100 in
804 2041 929 2100 Troade
947 2040 1115 2116 solemni),
1136 2040 1195 2101 sed
1215 2055 1290 2101 oum
1310 2040 1406 2115 Apol·

159 2154 258 2230 line,
285 2170 361 2216 cum
384 2153 491 2215 Diana
513 2156 547 2215 et
568 2155 709 2231 Latona,
741 2154 828 2215 Aiax
851 2155 1034 2215 identidem
1057 2154 1215 2214 dimicare
1239 2154 1406 2214 debuerat.

177 2269 222 2328 Hi
240 2268 330 2330 enim
349 2269 482 2330 Troiam
501 2270 695 2346 defendunt,
716 2269 752 2329 hi
770 2269 894 2330 habent
913 2269 1076 2344 templum
1099 2268 1134 2327 in
1154 2283 1228 2328 arce
1252 2270 1292 2337 (E
1315 2269 1402 2337 446).

177 2384 245 2444 Nec
279 2383 413 2445 mirum.
449 2383 568 2459 Apollo
601 2385 691 2445 enim
722 2384 763 2444 ab
795 2385 922 2460 origine
945 2384 1090 2447 Graecus
1111 2399 1177 2444 non
1201 2384 1289 2456 erat3
1313 2381 1407 2441 velut

177 2499 228 2558 tot
250 2497 326 2558 aliis
347 2496 430 2559 locis
453 2498 633 2586 maritimis
657 2498 756 2559 Asiae
779 2498 913 2559 Minoris
936 2499 985 2559 sic
1007 2499 1123 2560 Troiae
1146 2512 1273 2572 quoque
1292 2497 1403 2557 sedem

175 2610 329 2672 habebat.

222 2725 358 2801 Saepius
392 2726 612 2786 observarunt
646 2726 709 2786 viri
739 2727 827 2788 docti
857 2727 1044 2788 Homerum
1074 2726 1162 2787 inter
1188 2725 1348 2786 Troianos
1371 2727 1405 2785 et

177 2839 211 2897 et
235 2838 377 2900 Graecos
401 2839 526 2900 nullam
551 2841 619 2901 fere
643 2840 903 2916 discrepantiam
926 2841 997 2901 sive
1019 2855 1167 2916 morum,
1188 2840 1260 2899 sive
1280 2838 1403 2915 cultus,

175 2951 248 3012 sive
282 2941 415 3027 linguae
445 2953 671 3014 constituisse.
701 2953 812 3014 Unam
844 2956 958 3014 autem
989 2953 1247 3028 discrepantiam
1271 2953 1405 3027 poetam

177 3079 282 3141 paene
301 3081 453 3127 servasse
472 3066 609 3143 dixeris,
631 3081 751 3143 nempe
774 3068 958 3129 Minervam
978 3084 1051 3129 cum
1072 3067 1206 3128 Graecis
1218 3067 1405 3142 Apollinem

179 3195 255 3240 cum
279 3179 431 3241 Troianis
453 3196 632 3257 pugnasse.
657 3181 719 3242 Sed
743 3197 786 3242 ne
809 3183 891 3243 haec
913 3183 1046 3256 quidem
1068 3182 1255 3244 differentia
1278 3181 1403 3241 intacta

177 3294 311 3354 mansit.
336 3295 440 3371 Supra
462 3295 530 3356 iam
554 3296 683 3370 egimus
706 3297 745 3356 de
764 3297 926 3374 Minerva,
948 3297 1001 3358 hio
1019 3299 1176 3370 sequatur
1195 3296 1400 3372 exemplum,

179 3410 234 3481 qui
269 3408 385 3483 Apollo
420 3409 461 3470 ad
493 3411 603 3470 castra
633 3410 757 3471 Graeca
787 3411 1044 3485 transmigrarit.
1074 3411 1239 3486 Quantum
1264 3410 1404 3485 scimus,

178 3522 355 3582 hodiernos
379 3523 548 3597 hucusque
572 3524 658 3599 fugit
679 3540 758 3585 vera
777 3525 828 3584 vis
847 3524 920 3585 loci.
941 3525 1104 3584 Audimus
1117 3525 1206 3585 enirn
1219 3526 1252 3583 in
1264 3523 1346 3584 libro
1359 3523 1404 3598 X,

176 3635 210 3695 in
232 3634 297 3696 fine
320 3635 433 3698 Iliadis
456 3637 705 3715 antiquissimo,
730 3639 871 3699 Graecos
896 3639 1049 3699 Hectoris
1072 3639 1111 3700 ob
1135 3641 1279 3699 mortem
1303 3638 1402 3698 laudi·
1457 3640 1465 3656 ·

175 3749 237 3809 bus
267 3750 446 3812 honorasse
477 3766 601 3812 numen
632 3753 788 3829 coeleste,
815 3755 851 3813 ut
875 3752 1047 3828 tragoedia
1069 3755 1203 3828 peracta
1226 3753 1403 3812 choreutae

175 3862 214 3922 de
237 3879 359 3925 scaena
381 3865 549 3926 discedere
572 3866 682 3927 solent
704 3867 801 3926 illurn
821 3867 919 3928 deum
941 3866 1160 3940 celebrantes
1181 3867 1274 3927 cuius
1294 3870 1400 3942 potes·

175 3979 229 4037 tas
259 3980 292 4038 et
321 3978 476 4040 voluntas
506 3979 540 4055 in
571 3979 681 4040 fabula
710 3995 810 4055 quam
842 3981 991 4041 maxime
1022 3983 1248 4056 spectatorum
1272 3981 1401 4041 animos

176 4093 426 4154 commoverint.
458 4093 670 4170 Exspectarit
699 4095 799 4169 igitur
833 4094 953 4168 aliquis
983 4095 1125 4157 Graecos
1155 4096 1195 4157 ob
1226 4096 1401 4156 victoriam

174 4208 379 4281 reportatam
414 4208 443 4268 si
479 4224 575 4282 quem
612 4211 715 4270 alium
748 4209 903 4270 laudasse
934 4211 1127 4271 Minervam.
1162 4211 1234 4271 Non
1262 4210 1310 4272 ita
1340 4213 1401 4270 est.

174 4321 256 4381 Eece
279 4336 412 4382 versus:

350 4443 409 4494 νῦν
434 4430 462 4495 δ’
489 4430 533 4516 ἄγ’
560 4433 713 4508 ἀείδοντες
736 4436 886 4515 παιήονα,
908 4447 1016 4517 κοῦροι
1040 4443 1178 4517 Ἀχαιῶν,

350 4547 462 4628 νηυσὶν
486 4546 534 4610 ἐπὶ
557 4555 731 4636 γλαφυρῇσι
754 4551 909 4631 νεώμεθα,
932 4551 1019 4614 τόνδε
1042 4549 1070 4613 i'
1097 4551 1225 4634 ἄγωμεν·

352 4661 517 4745 »ἠρόμεθα
541 4662 616 4746 μέγα
639 4665 746 4738 κῦδος·
771 4664 943 4747 ἐπέφνομεν
958 4665 1091 4749 Ἕκτορα
1115 4670 1183 4731 δῖον

351 4772 374 4879 ᾧ
401 4782 501 4859 Τρῶες
524 4776 601 4838 κατὰ
623 4778 723 4840 triow
747 4785 812 4881 &epi
837 4777 877 4854 ὣς
900 4779 1113 4877 ἡνγετάοντο”.
1160 4787 1199 4869 (X
1212 4783 1401 4865 391-394)
