3525 5692
394 708 456 770 100
914 723 954 766 nn
978 723 1088 767 sinon.

388 913 493 972 neque
526 898 649 960 mirum
683 894 780 970 toret,
812 894 842 954 si
871 893 1017 954 Dardani
1045 909 1173 966 quoque
1204 909 1325 956 nomen
1354 895 1471 956 eadem
1493 893 1549 954 via
1570 907 1612 953 ex

387 1013 504 1074 eadem
526 1010 660 1084 regione
683 1009 716 1068 in
740 1008 903 1068 Troadem
926 1007 1148 1082 pervenisset.

431 1124 614 1186 Dardaniae
655 1123 752 1183 heros
793 1135 980 1196 eponymus
1020 1120 1055 1180 in
1097 1120 1222 1181 Troade
1263 1120 1417 1182 audiebat
1456 1120 1546 1182 Iovis
1578 1123 1611 1181 et

386 1241 534 1302 Electrae
567 1235 669 1310 fllius;
705 1251 749 1296 ex
780 1234 892 1294 insula
926 1233 1142 1295 Samothrace
1175 1234 1210 1292 in
1240 1234 1401 1295 Troadem
1432 1235 1611 1310 emigrasse

384 1351 566 1414 ferebatur:
594 1343 768 1425 Ι,Ἠλίκτρας
793 1344 825 1407 δὲ
848 1355 901 1423 τῆς
918 1343 1078 1418 ’Ἄτλαντος
1101 1343 1153 1406 καί
1184 1344 1257 1418 Διὸς
1275 1342 1396 1406 Ἰασίων
1419 1344 1469 1408 καί
1492 1346 1612 1425 Δάρδα·

384 1488 437 1537 νος
456 1461 601 1543 ἐγίνοντο.
616 1456 736 1521 Ἰασίων
756 1456 811 1538 μίν
828 1450 886 1520 οὖν
906 1455 1046 1537 ἐρασθείς
1066 1458 1225 1537 Δήμητρος
1246 1457 1296 1519 καί
1307 1457 1407 1521 θίλων
1418 1468 1611 1539 καταισχῦναι

383 1576 439 1656 τὴν
473 1575 549 1638 θεὸν
584 1582 796 1653 κεραυνοῦται,
830 1573 991 1649 Δάρδανος
1022 1568 1056 1632 δὲ
1086 1569 1135 1660 ίπί
1165 1581 1205 1655 τῷ
1236 1571 1362 1658 θανάτῳ
1391 1581 1445 1634 τοῦ
1478 1570 1611 1651 ἀδελφοῦ

381 1691 573 1768 λυπούμενος
597 1688 810 1770 Σαμοθρᾴκην
833 1684 992 1746 ἀπολιπὼν
1016 1685 1058 1758 είς
1081 1683 1137 1762 την
1160 1683 1304 1766 ἀντίπερα
1327 1683 1454 1764 ἤπειρον
1476 1677 1585 1764 W·

427 1806 528 1866 Duxit
562 1802 608 1862 ihi
642 1815 782 1863 uxorem
816 1801 955 1861 Bateam
996 1800 1081 1861 unde
1116 1800 1292 1874 progenuit
1328 1797 1414 1861 illios
1450 1799 1535 1860 ilum
1578 1802 1609 1858 et

380 1913 844 1989 ΙΙ11ο11111ο11111111([ΑγοΙΙο(1.]
869 1913 927 1986 ΙΙΙ,
955 1914 1006 1988 12,
1032 1914 1070 1982 1).
1097 1911 1240 1973 Iasionis
1267 1911 1458 1987 Cererisque
1482 1927 1612 1973 amores

382 2031 533 2092 narravit
555 2028 722 2088 Homerus
743 2047 757 2084 ε
783 2027 845 2087 125
869 2040 959 2098 squ:

603 2131 643 2212 ὧς
667 2134 695 2199 δ’
721 2133 801 2199 ὁπότ’
824 2132 958 2198 Ἰασίωνι
980 2135 1172 2213 ἐυπλόκαμος
1197 2136 1343 2217 Δημήτηρ

601 2257 649 2338 fri
672 2259 763 2337 θυμῷ
785 2250 912 2324 ίείξασα
932 2246 1017 2330 ’μίγη
1040 2249 1179 2328 φιλότητι
1200 2248 1252 2311 καί
1274 2250 1353 2334 εὐνῇ

601 2378 671 2451 νειῷ
695 2363 904 2450 ἶνιτριπίληο·
929 2360 1003 2425 otti
1026 2362 1107 2442 ῦίήν
1131 2355 1186 2443 ἦεν
1209 2361 1346 2435 άπυσιος

603 2480 694 2557 Ζεὺς,
718 2479 750 2552 ὅς
775 2503 828 2557 μιν
850 2477 1019 2556 κατέπεφνε
1041 2477 1143 2558 βαλὼν
1166 2476 1273 2559 ἀργῆτι
1292 2488 1442 2561 κεραυνῷ,

378 2604 412 2659 et
438 2597 601 2660 Hesiodus
624 2595 745 2670 Theog.
770 2596 834 2656 909
859 2610 942 2670 sqq„
967 2594 1022 2669 qui
1047 2594 1174 2656 addidit
1196 2592 1299 2654 verba

985 2706 1108 2784 Κρήτης
1132 2704 1164 2767 ἓν
1187 2706 1271 2766 πίονι
1294 2704 1388 2789 δήμῳ.

424 2823 598 2885 Dardanus
633 2837 762 2895 quoque
796 2821 858 2882 hac
887 2821 921 2881 in
952 2820 1062 2881 insula
1092 2821 1191 2881 natus
1222 2835 1296 2880 esse
1319 2819 1487 2881 ferebatur
1508 2820 1610 2890 (Serv.

379 2940 461 2998 Aen.
482 2938 513 3012 3,
539 2938 622 3007 161).
646 2936 795 2996 Varrone
818 2949 897 2996 vero
917 2938 1051 2996 auctore
1070 2934 1193 2996 Phenei
1212 2935 1233 2995 1.
1250 2949 1279 2994 e.
1298 2935 1332 2994 in
1351 2935 1493 2996 Arcadia
1511 2952 1610 3012 prope

378 3052 419 3112 ab
455 3051 619 3125 Psophide
654 3049 763 3110 lucem
799 3050 931 3125 aspexit
966 3048 1114 3110 vitalem.
1161 3049 1314 3125 Quinimo
1350 3050 1547 3112 Strabonem
1582 3050 1610 3109 si

377 3166 547 3238 sequimur
571 3164 669 3240 (VIII,
684 3164 771 3238 846),
792 3162 937 3223 Dardani
962 3162 1055 3223 locus
1074 3161 1196 3223 natalis
1215 3163 1439 3238 reperiebatur
1457 3164 1490 3223 in
1510 3178 1609 3238 specu

376 3278 567 3354 Triphyliae
591 3277 632 3337 ad
656 3278 818 3351 Anigrum
843 3276 968 3336 flumen
992 3273 1140 3352 (ποταμὸν
1164 3274 1326 3351 Μινυήιον
1349 3281 1380 3335 Λ
1404 3278 1490 3347 722).

422 3390 548 3465 Ohryse
578 3405 706 3465 qnoque
736 3390 878 3449 Dardani
909 3404 993 3450 uxor
1017 3403 1058 3449 ex
1082 3389 1222 3452 Arcadia
1248 3390 1387 3452 oriunda
1409 3392 1480 3450 erat
1503 3390 1606 3460 (Dion.

376 3505 452 3564 Hal.
477 3504 502 3578 Ι,
528 3504 593 3574 68).
618 3503 702 3579 Quid
724 3505 837 3563 autem
861 3502 956 3562 docet
980 3502 1088 3562 Schol.
1112 3502 1220 3578 Apoll.
1244 3503 1348 3564 Rhod.
1372 3504 1387 3562 Ι
1410 3505 1499 3564 917?

425 3615 519 3693 ,Διὸς
554 3613 604 3675 καί
636 3610 798 3694 Ἠλέκτρας
833 3613 950 3694 ἐγένετο
978 3609 1100 3675 Ἰασίων
1130 3613 1181 3674 καί
1212 3613 1383 3694 Δάρδανος.
1407 3615 1552 3696 Κάβειροι
1576 3611 1607 3675 δὲ

377 3729 503 3789 δοκοῦσι
524 3733 794 3808 προσηγορεῦσθαι
818 3725 879 3788 ἀπὸ
902 3729 1064 3807 Καβείρων
1087 3737 1146 3789 τῶν
1170 3726 1246 3788 κατά
1272 3728 1410 3808 Φρυγίαν
1433 3725 1524 3807 ὀρῶν,
1546 3725 1608 3789 ἐπεί

378 3839 523 3902 ἐντεῦθεν
546 3838 817 3918 μετηνέχθησαν”λ

425 3957 567 4016 Dardani
591 3956 694 4029 igitur
716 3970 839 4016 nomen
868 3970 945 4016 cum
965 3955 1042 4016 Deis
1062 3956 1189 4030 Magnis
1211 3955 1486 4031 coniungebaturi
1503 3956 1605 4032 Quod,

378 4072 415 4130 ut
433 4070 512 4130 fecit
530 4069 632 4129 Bloch
652 4069 685 4127 in
706 4069 865 4129 Roscheri
885 4069 1020 4144 Larino,
1041 4084 1107 4130 non
1127 4070 1209 4130 satis
1228 4070 1608 4145 explicatursententia:

380 4183 544 4259 „Dardani
567 4197 688 4242 nomen
712 4184 793 4242 tunc
819 4183 954 4242 demum
979 4196 1055 4242 cum
1076 4181 1204 4242 cabiris
1224 4183 1426 4243 associatum
1447 4197 1605 4243 essecum

377 4293 568 4355 cabirorum
608 4295 718 4355 cultus
760 4311 803 4356 ex
836 4295 948 4355 insula
987 4295 1204 4356 Samothrace
1238 4296 1371 4356 Troiam
1405 4299 1606 4356 transvenas

376 4410 503 4482 esset”;
529 4424 622 4485 nam,
648 4411 808 4483 utsupra
833 4409 990 4485 vidimus,
1019 4408 1164 4470 Dardani
1187 4425 1309 4471 nomen
1332 4411 1366 4470 in
1390 4409 1508 4470 ceteris
1531 4424 1605 4483 quo·

374 4536 437 4594 que
462 4521 616 4583 Graeciae
635 4521 787 4598 partibus
805 4522 894 4582 haud
915 4524 986 4583 erat
1006 4522 1172 4598 ignotum,
1195 4538 1302 4598 neque
1323 4523 1432 4584 herois
1451 4522 1605 4597 eponymi

372 4650 493 4695 nomen
524 4650 609 4694 noro
634 4650 709 4695 curn
734 4635 826 4694 cultu
855 4635 1012 4710 coniungi
1035 4637 1215 4712 potuisset,
1241 4637 1305 4695 nisi
1329 4638 1438 4697 certae
1461 4636 1603 4696 exstitis-

373 4748 447 4807 sent
476 4762 609 4822 causae,
641 4748 761 4821 quibus
790 4748 870 4808 tatis
894 4764 1002 4809 nexus
1026 4749 1186 4824 explicari
1207 4752 1331 4824 posset.
1356 4749 1441 4810 Nam
1465 4749 1606 4810 hicnon
