3525 5692
352 700 419 759 200
706 715 748 758 uu
771 700 987 760 nuomnoms
1010 712 1206 758 curremus.

349 888 459 949 Ulixis
481 888 514 947 in
537 886 664 946 Elidem
687 886 752 946 iter
775 887 882 947 fusius
905 887 1072 947 tractavit.
1098 887 1131 945 Is
1154 885 1216 946 fuit
1238 884 1460 957 Eugammon,
1480 884 1577 955 posta

350 1004 386 1062 ut
422 1000 606 1061 videbimus
640 1001 779 1061 minime
811 1002 889 1061 ditis
920 1001 1057 1077 ingenii,
1089 1001 1147 1062 ssd
1178 1001 1233 1073 qui
1263 999 1445 1059 Homerum
1476 1010 1575 1056 suum

350 1117 515 1188 cognorat.
546 1113 753 1188 Eugammon
776 1115 866 1175 enim
891 1113 1093 1189 cyrenaicus
1116 1114 1198 1174 bens
1221 1127 1349 1172 memor
1372 1109 1483 1182 Ulixis
1506 1123 1573 1169 usr-

350 1227 465 1289 borum
489 1229 529 1288 ad
553 1227 737 1300 Penelopen
760 1239 786 1298 ψ
809 1228 874 1288 354
901 1243 988 1302 sqq:

482 1341 615 1418 κτήματα
637 1336 763 1418 μὲν,τᾶ
786 1362 838 1415 μοι
860 1339 920 1399 ἔστι
942 1335 1104 1417 κομιζέμεν
1131 1337 1163 1399 ἒν
1186 1338 1354 1418 μεγάροισι,

482 1459 561 1532 μήλα
583 1448 611 1514 δ’
637 1452 657 1512 ἅ
679 1477 730 1531 μοι
752 1431 919 1533 μνηστῆρες
942 1451 1125 1532 ὑπερφίαλοι
1147 1449 1335 1529 κατέκειραν,

482 1566 577 1627 πολλὰ
600 1563 655 1643 μὲν
679 1565 797 1639 αὐτὸς
820 1565 892 1646 ἐγὼ
915 1568 1147 1644 λήίσσομαι,
1168 1563 1242 1626 ἄλλα
1266 1559 1293 1624 δ’
1320 1561 1430 1642 Ἀχαιοὶ

483 1674 611 1742 δώσονσ’
638 1681 680 1753 εἰς
704 1680 721 1741 ὅ
743 1703 777 1741 ne
799 1680 915 1754 πάντας
939 1679 1140 1758 ἐνιπλήσωσιν
1164 1679 1329 1755 ἐπαύλους,

348 1812 410 1857 nec
431 1795 554 1857 oblitus
576 1795 779 1856 Noemonsm
805 1795 823 1854 ὃ
847 1797 911 1857 635
936 1812 985 1870 sq.
1010 1796 1097 1856 inter
1121 1810 1238 1871 procos
1259 1792 1400 1853 dixisse:

862 1908 943 1987 χρήὼ
967 1905 994 1969 δ’
1023 1905 1073 1986 ἐμὲ
1096 1909 1228 1989 γίγνεται
1250 1906 1343 1983 αὐτῆς
1366 1905 1485 1976 (navis)

474 2017 571 2082 Ἤλιδ’
593 2020 627 2094 ’ἔς
651 2021 817 2102 εὐρύχορον
841 2022 1037 2101 διαβήμεναι,
1060 2021 1138 2082 ἔνθα
1161 2043 1213 2100 μοι
1236 2020 1324 2081 ἵπποι

482 2136 599 2196 δώδεκα
621 2135 743 2214 θήλειαι
765 2140 843 2195 ιι.τ.λ.
862 2132 884 2207 Ῑι

347 2253 409 2312 hoc
431 2251 493 2311 itsr
516 2249 627 2310 Ulixis
650 2252 682 2309 in
706 2250 832 2310 Elidem
857 2251 976 2310 cecinit
991 2245 1026 2324 ²),
1051 2251 1245 2326 praemissis
1268 2247 1512 2324 precationibus
1534 2245 1576 2304 ad

346 2365 532 2439 Nymphas,
556 2378 637 2437 quas
660 2365 758 2424 heros
780 2364 1002 2438 spoponderat
1024 2386 1042 2421 ν
1066 2365 1258 2437 356-360,
1284 2362 1411 2422 adiecto
1431 2358 1575 2431 hospitio

347 2478 508 2552 Polyxeni
541 2477 694 2536 Eleorum
731 2478 823 2539 ducis
858 2493 875 2536 e
907 2477 1058 2552 catalogo
1089 2480 1125 2546 (Β
1149 2477 1338 2544 olo—624)
1365 2474 1444 2534 noti.
1470 2472 1577 2532 Simul

284 2634 285 2637 ,
346 2591 500 2650 adiunxit
533 2591 787 2664 descriptionem
819 2593 981 2665 craterae,
1013 2606 1114 2664 quam
1146 2591 1350 2664 Polyxenum
1375 2587 1466 2647 Ulixi
1490 2587 1576 2645 dono

346 2704 477 2765 dedisse
500 2702 611 2777 finxit,
637 2706 673 2763 ut
695 2704 863 2764 Menelaus
887 2704 1086 2765 Telemacho
1111 2707 1125 2760 b
1152 2706 1216 2765 615
1238 2718 1307 2776 sqq.
1328 2701 1422 2761 offert
1442 2705 1576 2776 κρητῆρα

346 2813 525 2895 τεταγμένον
555 2817 668 2895 ιΡέργον
695 2811 881 2891 Ἡφαίστοιο.
913 2818 1044 2878 Inserto
1075 2834 1153 2878 vero
1178 2817 1332 2888 carmini,
1357 2815 1441 2888 quod
1463 2815 1579 2874 cantat

347 2932 444 3005 poeta
477 2931 617 3005 aulicus,
654 2933 889 3004 argumentum
924 2930 1043 3004 selegit
1073 2931 1200 2990 furtum
1232 2929 1357 3002 Augias
1383 2927 1578 2986 thesauris

346 3043 530 3118 Trophonio
565 3059 640 3102 cum
672 3043 774 3104 fratre
804 3045 1035 3104 commissum.
1067 3045 1257 3103 Immensae
1281 3057 1360 3115 opes
1384 3041 1508 3112 Augias
1532 3047 1584 3099 sx'

346 3157 506 3217 armentis
539 3158 737 3231 praesertim
770 3159 927 3231 agrisque
958 3161 1151 3218 constantes
1183 3157 1268 3233 apud
1294 3169 1411 3216 omnes
1435 3155 1578 3214 Graecos

346 3271 421 3332 inde
444 3272 484 3331 ab
507 3272 644 3332 Homeri
666 3273 871 3346 temporibus
897 3277 937 3342 (A
962 3274 1037 3342 698)
1062 3276 1157 3333 erant
1180 3275 1292 3348 notae,
1317 3271 1428 3331 labore
1448 3283 1578 3342 quoque

348 3385 500 3446 Herculis
522 3387 555 3444 in
580 3386 719 3446 stabulis
744 3386 869 3459 Augias
888 3387 1067 3460 purgandis
1086 3390 1283 3460 consumpto
1302 3385 1421 3457 ubique
1442 3383 1578 3442 divitiae

345 3499 447 3559 Elidis
470 3500 558 3574 regis
582 3501 814 3560 inclaruerant.
839 3499 900 3560 Cui
923 3502 969 3560 rei
993 3500 1132 3574 accedit,
1158 3500 1330 3572 quodiam
1352 3497 1576 3572 apudHome·

345 3629 420 3672 rum
454 3629 575 3674 nomen
611 3615 792 3687 Agamedis
827 3630 903 3674 eum
935 3616 1060 3688 Augias
1092 3615 1227 3674 nomine
1258 3613 1322 3673 fuit
1345 3612 1577 3684 coniunctum;

345 3740 422 3786 nam
458 3725 527 3787 filia
561 3728 769 3788 celeberrimi
804 3729 892 3801 regis
923 3728 968 3787 ibi
999 3728 1092 3787 audit
1116 3726 1343 3802 ,Ag3amsds
1368 3725 1515 3798 quinimo
1538 3726 1580 3783 ut

346 3839 465 3901 ultima
499 3842 661 3901 dubitatio
695 3841 843 3914 tollatur,
882 3857 923 3901 ns
958 3843 1065 3916 patria
1097 3843 1231 3916 quidem
1262 3841 1349 3914 regis
1380 3839 1576 3915 Agamedis,

347 3954 471 4027 Augias
504 3955 644 4029 inimici,
680 3955 736 4014 diu
771 3959 842 4014 erat
872 3956 1073 4029 quaerenda,
1108 3970 1182 4014 cum
1216 3953 1403 4029 Stymphali
1432 3953 1465 4011 in
1496 3951 1578 4012 urbe

345 4068 504 4127 Arcadiae
546 4068 726 4140 Agamedis
765 4083 888 4128 nomen
929 4070 961 4127 in
1001 4068 1086 4128 serie
1121 4084 1237 4142 regum
1274 4073 1456 4142 appareret.
1491 4066 1580 4127 Huic

346 4183 458 4241 autem
493 4181 584 4241 nulla
618 4196 718 4255 opera
752 4181 960 4256 Trophonius
995 4180 1084 4242 illius
1119 4181 1234 4250 σκότιος
1270 4181 1403 4255 adiungi
1438 4183 1578 4284 poterat.

347 4295 429 4371 Quid
453 4295 574 4355 mirum
595 4295 724 4368 igitur
716 4310 750 4353 rn
770 4295 849 4356 urbe
869 4294 1011 4369 Cyrene,
1033 4310 1116 4368 quas
1137 4295 1372 4356 commercium
1393 4279 1467 4354 cum
1488 4294 1579 4354 Pelo-

346 4424 492 4484 ponneso
523 4408 679 4483 habebat,
711 4411 844 4483 postam
880 4409 946 4468 tals
982 4409 1164 4484 episodium
1205 4409 1444 4483 composuisse,
1485 4408 1581 4468 cuius

347 4523 489 4596 vestigia
519 4523 667 4582 servavit
691 4521 841 4583 Charax?
865 4522 1084 4582 Adhibebat'
1076 4539 1109 4582 rn
1133 4523 1360 4595 componendo
1383 4520 1552 4581 fabellas
1543 4537 1578 4581 m

383 4785 402 4844 ¹]
419 4786 457 4834 Cf.
475 4807 493 4834 ω
511 4790 569 4834 426.
804 4785 824 4850 λ)
843 4789 881 4835 Cf.
899 4789 976 4836 Pauo.
996 4788 1055 4845 VII,
1075 4793 1119 4845 14,
1137 4793 1159 4835 4.
