3525 5692
512 759 554 804 nn
578 761 795 806 nuenurronrs
818 762 1014 808 rnnneourn.
1309 749 1370 808 197

148 931 269 989 cannot
292 929 332 990 be
354 932 545 993 considered
568 947 606 993 as
629 932 849 1008 satisfactory,
874 932 934 994 hut
953 949 973 993 a
992 934 1098 995 better
1117 935 1329 1010 explanation
1348 935 1378 994 is

151 1044 210 1102 not
231 1044 289 1117 yet
309 1042 446 1108 found.”

192 1156 358 1218 Svoronos
393 1173 471 1220 vero
502 1162 676 1221 asseverat
705 1161 892 1236 hominem,
923 1162 980 1235 qui
1010 1162 1043 1222 in
1068 1177 1208 1223 nummo
1232 1162 1378 1222 cernitur

149 1285 223 1330 esse
251 1270 404 1345 Ulixem;
436 1274 567 1334 vestem
598 1273 771 1334 insolitam
800 1275 922 1336 indicio
955 1290 1028 1338 esse
1058 1277 1192 1336 heroem
1225 1277 1322 1337 modo
1345 1276 1379 1335 in

149 1383 327 1459 Trophonii
358 1388 493 1446 antrum
524 1386 750 1464 descendisse,
782 1385 1011 1466 κεκοσμημένον
1042 1387 1110 1471 ἱερῷ
1141 1387 1265 1467 σχήματι
1284 1385 1324 1463 1);
1348 1389 1380 1449 id

150 1497 234 1572 quod
265 1498 403 1560 sinistra
434 1514 537 1561 manu
567 1503 682 1562 teneat
711 1516 776 1563 non
803 1501 909 1562 telum
933 1517 1007 1563 esse
1031 1503 1090 1563 eed
1113 1517 1256 1579 remum,
1283 1517 1382 1576 quem

149 1626 271 1686 magna
298 1612 332 1672 vi
355 1612 389 1672 in
413 1615 503 1674 terra
526 1611 660 1689 inligat3
685 1614 813 1676 calceos
837 1616 977 1689 denique
1000 1630 1157 1677 recurvos
1180 1631 1254 1677 esse
1278 1614 1383 1694 ἐπιχω-

148 1725 214 1804 ρίας
243 1725 321 1786 illas
353 1726 517 1804 κρηπῖδος,
550 1743 690 1802 quarum
721 1730 904 1790 Pausanias
939 1729 1000 1806 IX,
1038 1732 1095 1805 39,
1133 1732 1381 1791 8mentionem

146 1839 257 1900 iaciat.
297 1840 460 1901 observat
489 1841 607 1902 deinde
641 1842 906 1917 Epaminondam
941 1847 1019 1905 ante
1052 1859 1198 1934 pugnam
1233 1845 1378 1905 Leuctri-

145 1968 219 2014 cam
248 1953 283 2012 in
315 1954 507 2015 concionem
540 1955 685 2016 militum
716 1957 946 2017 introduxisse
979 1957 1089 2018 virum
1112 1954 1172 2017 ἀπὸ
1198 1958 1378 2035 Τρωφονίου

147 2065 328 2144 προσφάτως
357 2065 582 2147 decoctionem,
614 2070 670 2143 qui
700 2070 838 2146 diceret,
871 2068 916 2130 ὅτι
940 2070 1028 2147 νίκην
1053 2070 1159 2131 δίδωσι
1183 2068 1199 2131 ὁ
1222 2069 1295 2144 θεὸς
1318 2076 1379 2145 τοῖς

146 2177 273 2259 ἄρχουσι
302 2188 353 2258 τῆς
383 2181 479 2262 μάχης
496 2178 529 2254 ¹).
557 2185 802 2246 Mantineenses
823 2185 936 2261 igitur,
961 2200 1038 2247 cum
1061 2186 1314 2248 Lacedaemonii
1337 2187 1377 2247 ad

148 2296 289 2357 Leuctra
318 2299 431 2357 essent
461 2297 627 2373 profligati
657 2300 691 2359 et
719 2300 868 2373 ipsorum
899 2299 978 2359 urbs
1008 2299 1115 2361 denuo
1140 2299 1378 2377 aedificaretur,

149 2409 237 2470 haud
272 2409 368 2469 dubie
398 2425 522 2470 novum
554 2425 731 2471 nummum
762 2411 909 2487 cudisse,
940 2412 975 2472 in
1005 2427 1069 2486 quo
1100 2416 1213 2488 gratos
1244 2429 1281 2474 se
1304 2414 1377 2474 Pro·

147 2524 268 2598 phonio
297 2522 535 2598 significarent.
562 2524 656 2585 Hanc
679 2525 719 2586 oh
742 2540 814 2586 rem
838 2525 872 2585 in
897 2540 1037 2586 nummo
1056 2514 1239 2601 imaginem
1267 2527 1378 2588 Ulixis

150 2639 252 2700 videri
275 2653 484 2714 expressam,
513 2640 570 2713 qui
588 2642 622 2700 et
641 2640 712 2715 ipse
732 2673 773 2683 -
793 2642 831 2700 ut
857 2654 878 2699 a
895 2639 1081 2702 maioribus
1106 2641 1312 2716 accepissent
1335 2675 1376 2685 -

149 2753 334 2827 antiquitus
355 2752 471 2812 eodem
495 2754 555 2813 deo
577 2755 734 2813 monente
758 2754 791 2812 in
816 2753 995 2814 Arcadiam
1019 2754 1176 2814 venisset.

195 2866 309 2942 Specie
339 2865 438 2926 huius
468 2866 704 2941 disputationis
731 2866 888 2942 abreptus
919 2867 1123 2928 studniczlra
1148 2868 1169 2928 l.
1194 2867 1215 2929 l.
1239 2883 1376 2943 pronun·

149 2980 228 3040 tiat:
255 2979 440 3054 ,Sucronos
465 2994 527 3040 nos
549 2980 652 3040 docuit
671 2979 784 3041 Ulixis
803 2981 867 3041 iter
887 2982 922 3041 in
941 2981 1210 3056 Peloponnesum
1233 2983 1278 3050 (et
1300 2997 1375 3042 cum

22 3120 23 3173 p
151 3109 189 3153 eo
223 3093 396 3152 historiam
431 3093 571 3168 Augias,
606 3094 750 3168 priorem
785 3094 887 3168 igitur
918 3094 1117 3169 Telegoniae
1146 3097 1287 3170 partem)
1319 3110 1377 3169 per

150 3207 412 3282 Peloponnesum
439 3207 645 3282 divulgatum
678 3223 717 3268 ac
748 3209 924 3283 praecipue
955 3208 1238 3270 Mantineensibus
1261 3211 1377 3270 notum

150 3320 288 3380 fuisse.”
316 3319 366 3379 Ex
392 3320 558 3382 Herodoto
593 3323 707 3381 autem
737 3321 803 3397 (IV,
831 3322 905 3390 161)
936 3336 1012 3381 cum
1036 3324 1194 3396 appareat
1217 3337 1375 3382 commer-

22 3494 23 3509 ,
147 3437 236 3496 cium
265 3434 370 3494 tuisse
400 3434 487 3495 inter
518 3434 703 3509 cyrenaeoe
734 3438 767 3496 et
799 3436 1057 3511 Mantineenses,
1091 3436 1266 3495 inventam
1301 3450 1376 3496 esse

22 3586 23 3597 ,
150 3549 254 3622 viam,
274 3563 340 3621 qua
357 3547 468 3608 tabula
487 3549 527 3609 de
546 3563 623 3624 rege
641 3550 749 3624 Augia
766 3551 800 3608 in
819 3550 935 3610 urbem
955 3548 1103 3623 oyrenm
1127 3552 1225 3622 atque
1247 3549 1323 3609 inde
1342 3548 1375 3609 in

150 3664 338 3736 Aegyptum
362 3641 525 3724 translata
547 3663 664 3738 tuerit,
688 3680 719 3724 v.
744 3664 775 3723 d.
799 3663 912 3723 credit.

196 3779 258 3838 sed
297 3778 404 3837 multa
441 3779 591 3853 obstant,
630 3779 809 3851 quominus
851 3778 928 3839 huic
963 3778 1243 3852 argumentationi
1278 3776 1375 3838 fidem

22 3926 23 3951 l
150 3892 299 3954 habeam.
342 3891 426 3952 Nam
468 3891 553 3964 quod
594 3890 711 3952 Ulixes
744 3891 935 3966 perhibetur
976 3891 1016 3951 ad
1058 3891 1281 3967 Trophonium
1316 3893 1378 3953 iter

22 4058 23 4071 ,
150 4006 282 4081 iecisse,
305 4006 339 4065 in
358 4005 535 4065 Arcadiam
555 4005 706 4079 rediisse,
728 4007 958 4066 commoratus
977 4019 1050 4066 esse
1069 4005 1153 4080 apud
1174 4004 1378 4078 Agamedem

151 4119 338 4195 Stymphali
371 4134 482 4194 regem
516 4121 550 4178 et
580 4119 663 4193 apud
702 4119 844 4192 Augiam
879 4119 996 4180 Eleum
1033 4152 1071 4162 -
1111 4118 1233 4178 dudum
1265 4119 1380 4191 opinor

153 4234 221 4294 vita
250 4233 416 4309 functum,
446 4233 565 4309 quippe
595 4233 690 4293 cuius
719 4247 818 4306 gener
848 4233 967 4292 liolius
991 4248 1011 4293 a
1034 4233 1171 4292 Nestore
1195 4231 1381 4292 adclecccute

148 4347 342 4408 interiectus
377 4349 466 4410 esset
502 4380 541 4390 -
577 4361 616 4407 ea
650 4348 763 4407 omnia
796 4350 1022 4422 provenerunt
1055 4362 1097 4406 ex
1132 4344 1253 4405 infelici
1284 4345 1380 4406 inter·

184 4740 205 4809 ι)
222 4743 261 4792 Gi.
279 4745 352 4792 Snid.
370 4757 391 4791 s.
409 4758 434 4791 v.
454 4747 594 4806 Τροφώνιος,

183 4831 205 4899 ¹)
222 4837 297 4884 Diod.
315 4834 366 4886 oio.
385 4835 439 4894 XV,
457 4836 502 4891 585
522 4835 643 4894 Polyaen.
661 4835 739 4882 Strui.
757 4832 798 4892 11,
816 4833 845 4892 8,
864 4833 887 4877 8.
