<?xml version="1.0" encoding="UTF-8"?>
<!DOCTYPE html PUBLIC "-//W3C//DTD XHTML 1.0 Transitional//EN"
    "http://www.w3.org/TR/xhtml1/DTD/xhtml1-transitional.dtd">
<html xmlns="http://www.w3.org/1999/xhtml" xml:lang="en" lang="en">
 <head>
  <title>
</title>
<meta http-equiv="Content-Type" content="text/html;charset=utf-8" />
  <meta name='ocr-system' content='tesseract 3.04.00' />
  <meta name='ocr-capabilities' content='ocr_page ocr_carea ocr_par ocr_line ocrx_word'/>
</head>
<body>
  <div class='ocr_page' id='page_1' title='image "./deajacisorigine00vgoog_0164.png"; bbox 0 0 3525 5692; ppageno 0'>
   <div class='ocr_carea' id='block_1_1' title="bbox 396 695 1118 756">
    <p class='ocr_par' dir='ltr' id='par_1_1' title="bbox 396 695 1118 756">
     <span class='ocr_line' id='line_1_1' title="bbox 396 695 1118 756; baseline 0.006 -4"><span class='ocrx_word' id='word_1_1' title='bbox 396 695 459 753; x_wconf 71' lang='lat' dir='ltr'>lu</span> <span class='ocrx_word' id='word_1_2' title='bbox 903 712 946 756; x_wconf 76' lang='lat' dir='ltr'>nr</span> <span class='ocrx_word' id='word_1_3' title='bbox 968 709 1118 756; x_wconf 71' lang='lat' dir='ltr'>muns.</span> 
     </span>
    </p>
   </div>
   <div class='ocr_carea' id='block_1_2' title="bbox 391 879 1606 1870">
    <p class='ocr_par' dir='ltr' id='par_1_2' title="bbox 391 879 1601 1297">
     <span class='ocr_line' id='line_1_2' title="bbox 393 879 1597 960; baseline 0 -20"><span class='ocrx_word' id='word_1_4' title='bbox 393 879 432 940; x_wconf 89' lang='lat' dir='ltr'>ln</span> <span class='ocrx_word' id='word_1_5' title='bbox 460 879 556 941; x_wconf 85' lang='lat' dir='ltr'>libris</span> <span class='ocrx_word' id='word_1_6' title='bbox 583 882 704 958; x_wconf 61' lang='lat' dir='ltr'>lomim</span> <span class='ocrx_word' id='word_1_7' title='bbox 733 881 828 960; x_wconf 74' lang='grc' dir='ltr'>ὅρα,</span> <span class='ocrx_word' id='word_1_8' title='bbox 850 883 939 944; x_wconf 91' lang='lat' dir='ltr'>unde</span> <span class='ocrx_word' id='word_1_9' title='bbox 963 882 1061 958; x_wconf 68' lang='lat' dir='ltr'>uulgo</span> <span class='ocrx_word' id='word_1_10' title='bbox 1083 899 1101 944; x_wconf 91' lang='lat' dir='ltr'>e</span> <span class='ocrx_word' id='word_1_11' title='bbox 1124 883 1281 958; x_wconf 81' lang='lat' dir='ltr'>Scaligeri</span> <span class='ocrx_word' id='word_1_12' title='bbox 1303 884 1488 944; x_wconf 86' lang='lat' dir='ltr'>coniectura</span> <span class='ocrx_word' id='word_1_13' title='bbox 1507 882 1597 942; x_wconf 89' lang='lat' dir='ltr'>oditur</span> 
     </span>
     <span class='ocr_line' id='line_1_3' title="bbox 392 989 1597 1074; baseline 0.001 -22"><span class='ocrx_word' id='word_1_14' title='bbox 392 991 540 1065; x_wconf 70' lang='grc' dir='ltr'><strong><em>ινιλᾶς</em></strong></span> <span class='ocrx_word' id='word_1_15' title='bbox 561 989 653 1054; x_wconf 58' lang='lat' dir='ltr'>&amp;vlu</span> <span class='ocrx_word' id='word_1_16' title='bbox 678 995 831 1074; x_wconf 64' lang='grc' dir='ltr'>Καρνείου</span> <span class='ocrx_word' id='word_1_17' title='bbox 852 997 1056 1074; x_wconf 56' lang='lat' dir='ltr'>makmas</span> <span class='ocrx_word' id='word_1_18' title='bbox 1077 995 1171 1071; x_wconf 70' lang='grc' dir='ltr'>ὥρας</span> <span class='ocrx_word' id='word_1_19' title='bbox 1193 1011 1278 1071; x_wconf 76' lang='lat' dir='ltr'>qliae</span> <span class='ocrx_word' id='word_1_20' title='bbox 1297 996 1392 1058; x_wconf 88' lang='lat' dir='ltr'>lectio</span> <span class='ocrx_word' id='word_1_21' title='bbox 1411 995 1485 1056; x_wconf 76' lang='lat' dir='ltr'>licei</span> <span class='ocrx_word' id='word_1_22' title='bbox 1501 995 1597 1056; x_wconf 74' lang='lat' dir='ltr'>Adver-</span> 
     </span>
     <span class='ocr_line' id='line_1_4' title="bbox 391 1108 1601 1189; baseline -0.001 -21"><span class='ocrx_word' id='word_1_23' title='bbox 391 1108 520 1169; x_wconf 85' lang='lat' dir='ltr'>sarium</span> <span class='ocrx_word' id='word_1_24' title='bbox 559 1109 682 1172; x_wconf 80' lang='lat' dir='ltr'>habeat</span> <span class='ocrx_word' id='word_1_25' title='bbox 712 1110 920 1187; x_wconf 80' lang='lat' dir='ltr'>Hesychium</span> <span class='ocrx_word' id='word_1_26' title='bbox 954 1127 983 1173; x_wconf 80' lang='lat' dir='ltr'>a</span> <span class='ocrx_word' id='word_1_27' title='bbox 1005 1127 1038 1172; x_wconf 77' lang='lat' dir='ltr'>v.</span> <span class='ocrx_word' id='word_1_28' title='bbox 1070 1111 1271 1189; x_wconf 72' lang='grc' dir='ltr'>ιερινίισεται</span> <span class='ocrx_word' id='word_1_29' title='bbox 1303 1108 1396 1186; x_wconf 72' lang='grc' dir='ltr'><em>ὥρας,</em></span> <span class='ocrx_word' id='word_1_30' title='bbox 1428 1109 1526 1169; x_wconf 86' lang='lat' dir='ltr'>multo</span> <span class='ocrx_word' id='word_1_31' title='bbox 1553 1110 1601 1167; x_wconf 88' lang='lat' dir='ltr'>est</span> 
     </span>
     <span class='ocr_line' id='line_1_5' title="bbox 393 1221 586 1297; baseline 0.016 -16"><span class='ocrx_word' id='word_1_32' title='bbox 393 1221 586 1297; x_wconf 71' lang='lat' dir='ltr'><strong>elegantior.</strong></span> 
     </span>
    </p>

    <p class='ocr_par' dir='ltr' id='par_1_3' title="bbox 392 1331 1606 1870">
     <span class='ocr_line' id='line_1_6' title="bbox 438 1331 1601 1414; baseline -0.003 -19"><span class='ocrx_word' id='word_1_33' title='bbox 438 1333 537 1408; x_wconf 75' lang='grc' dir='ltr'><strong><em>Χέλυς</em></strong></span> <span class='ocrx_word' id='word_1_34' title='bbox 564 1337 625 1398; x_wconf 89' lang='lat' dir='ltr'>illa</span> <span class='ocrx_word' id='word_1_35' title='bbox 649 1334 737 1412; x_wconf 66' lang='lat' dir='ltr'>,dotia</span> <span class='ocrx_word' id='word_1_36' title='bbox 766 1340 853 1400; x_wconf 89' lang='lat' dir='ltr'>satis</span> <span class='ocrx_word' id='word_1_37' title='bbox 881 1339 1069 1401; x_wconf 80' lang='lat' dir='ltr'>defenditur</span> <span class='ocrx_word' id='word_1_38' title='bbox 1098 1339 1222 1414; x_wconf 85' lang='lat' dir='ltr'>Hymn.</span> <span class='ocrx_word' id='word_1_39' title='bbox 1251 1339 1347 1400; x_wconf 87' lang='lat' dir='ltr'>llerc.</span> <span class='ocrx_word' id='word_1_40' title='bbox 1377 1352 1426 1397; x_wconf 88' lang='lat' dir='ltr'>vs.</span> <span class='ocrx_word' id='word_1_41' title='bbox 1450 1336 1506 1396; x_wconf 75' lang='lat'>33:</span> <span class='ocrx_word' id='word_1_42' title='bbox 1526 1331 1601 1412; x_wconf 72' lang='grc' dir='ltr'><em>χέλυς</em></span> 
     </span>
     <span class='ocr_line' id='line_1_7' title="bbox 392 1447 1602 1532; baseline -0.003 -22"><span class='ocrx_word' id='word_1_43' title='bbox 392 1447 515 1528; x_wconf 62' lang='grc' dir='ltr'>«ὤρεσσι</span> <span class='ocrx_word' id='word_1_44' title='bbox 543 1451 672 1523; x_wconf 63' lang='lat' dir='ltr'>timos.</span> <span class='ocrx_word' id='word_1_45' title='bbox 702 1453 794 1529; x_wconf 75' lang='lat' dir='ltr'>Quod</span> <span class='ocrx_word' id='word_1_46' title='bbox 824 1455 867 1514; x_wconf 91' lang='lat' dir='ltr'>ad</span> <span class='ocrx_word' id='word_1_47' title='bbox 899 1454 1009 1514; x_wconf 79' lang='lat' dir='ltr'>verba</span> <span class='ocrx_word' id='word_1_48' title='bbox 1029 1451 1162 1532; x_wconf 69' lang='grc' dir='ltr'>ἀλύρους</span> <span class='ocrx_word' id='word_1_49' title='bbox 1191 1453 1321 1530; x_wconf 73' lang='grc' dir='ltr'><strong><em>ὕμνους,</em></strong></span> <span class='ocrx_word' id='word_1_50' title='bbox 1342 1467 1397 1513; x_wconf 90' lang='lat' dir='ltr'>res</span> <span class='ocrx_word' id='word_1_51' title='bbox 1419 1452 1470 1510; x_wconf 87' lang='lat' dir='ltr'>est</span> <span class='ocrx_word' id='word_1_52' title='bbox 1491 1449 1602 1508; x_wconf 89' lang='lat' dir='ltr'>contro·</span> 
     </span>
     <span class='ocr_line' id='line_1_8' title="bbox 394 1561 1605 1648; baseline -0.005 -24"><span class='ocrx_word' id='word_1_53' title='bbox 394 1580 505 1642; x_wconf 86' lang='lat' dir='ltr'>versa‚</span> <span class='ocrx_word' id='word_1_54' title='bbox 537 1566 579 1627; x_wconf 92' lang='lat' dir='ltr'>de</span> <span class='ocrx_word' id='word_1_55' title='bbox 612 1582 679 1642; x_wconf 88' lang='lat' dir='ltr'>qua</span> <span class='ocrx_word' id='word_1_56' title='bbox 711 1568 777 1628; x_wconf 91' lang='lat' dir='ltr'>duo</span> <span class='ocrx_word' id='word_1_57' title='bbox 810 1568 889 1644; x_wconf 81' lang='lat' dir='ltr'>viri,</span> <span class='ocrx_word' id='word_1_58' title='bbox 920 1565 1045 1644; x_wconf 66' lang='grc' dir='ltr'>ἀριστῆς</span> <span class='ocrx_word' id='word_1_59' title='bbox 1072 1563 1106 1626; x_wconf 77' lang='lat' dir='ltr'>lv</span> <span class='ocrx_word' id='word_1_60' title='bbox 1132 1566 1303 1648; x_wconf 71' lang='lat' dir='ltr'>odotoylp,</span> <span class='ocrx_word' id='word_1_61' title='bbox 1333 1578 1466 1641; x_wconf 88' lang='lat' dir='ltr'>prorsus</span> <span class='ocrx_word' id='word_1_62' title='bbox 1487 1561 1605 1622; x_wconf 87' lang='lat' dir='ltr'>diversa</span> 
     </span>
     <span class='ocr_line' id='line_1_9' title="bbox 392 1673 1604 1756; baseline -0.006 -17"><span class='ocrx_word' id='word_1_63' title='bbox 392 1682 582 1740; x_wconf 85' lang='lat' dir='ltr'>senserunt.</span> <span class='ocrx_word' id='word_1_64' title='bbox 608 1680 718 1741; x_wconf 78' lang='lat' dir='ltr'><strong>Vertit</strong></span> <span class='ocrx_word' id='word_1_65' title='bbox 739 1681 828 1742; x_wconf 88' lang='lat' dir='ltr'>enim</span> <span class='ocrx_word' id='word_1_66' title='bbox 852 1681 891 1741; x_wconf 80' lang='lat' dir='ltr'>d.</span> <span class='ocrx_word' id='word_1_67' title='bbox 909 1680 1125 1742; x_wconf 87' lang='lat' dir='ltr'>Hermannus</span> <span class='ocrx_word' id='word_1_68' title='bbox 1149 1680 1317 1756; x_wconf 86' lang='lat' dir='ltr'>,carmina</span> <span class='ocrx_word' id='word_1_69' title='bbox 1339 1677 1462 1752; x_wconf 88' lang='lat' dir='ltr'>epica”,</span> <span class='ocrx_word' id='word_1_70' title='bbox 1484 1673 1604 1734; x_wconf 83' lang='lat' dir='ltr'>Valcke-</span> 
     </span>
     <span class='ocr_line' id='line_1_10' title="bbox 392 1787 1606 1870; baseline -0.007 -15"><span class='ocrx_word' id='word_1_71' title='bbox 392 1794 526 1855; x_wconf 89' lang='lat' dir='ltr'>naerius</span> <span class='ocrx_word' id='word_1_72' title='bbox 549 1797 663 1854; x_wconf 91' lang='lat' dir='ltr'>autem</span> <span class='ocrx_word' id='word_1_73' title='bbox 687 1796 857 1870; x_wconf 85' lang='lat' dir='ltr'>‚carmina</span> <span class='ocrx_word' id='word_1_74' title='bbox 878 1794 1065 1869; x_wconf 59' lang='lat' dir='ltr'>lumbria’u</span> <span class='ocrx_word' id='word_1_75' title='bbox 1088 1793 1249 1868; x_wconf 79' lang='lat' dir='ltr'>Equidem</span> <span class='ocrx_word' id='word_1_76' title='bbox 1271 1792 1364 1852; x_wconf 93' lang='lat' dir='ltr'>illum</span> <span class='ocrx_word' id='word_1_77' title='bbox 1388 1789 1481 1862; x_wconf 92' lang='lat' dir='ltr'>sequi</span> <span class='ocrx_word' id='word_1_78' title='bbox 1502 1787 1606 1861; x_wconf 88' lang='lat' dir='ltr'>velim,</span> 
     </span>
    </p>
   </div>
   <div class='ocr_carea' id='block_1_3' title="bbox 391 1901 1724 2100">
    <p class='ocr_par' dir='ltr' id='par_1_4' title="bbox 391 1901 1724 2100">
     <span class='ocr_line' id='line_1_11' title="bbox 391 1901 1723 1983; baseline -0.007 -16"><span class='ocrx_word' id='word_1_79' title='bbox 391 1907 470 1968; x_wconf 89' lang='lat' dir='ltr'>licet</span> <span class='ocrx_word' id='word_1_80' title='bbox 490 1908 747 1970; x_wconf 77' lang='lat' dir='ltr'><strong>lamentantium</strong></span> <span class='ocrx_word' id='word_1_81' title='bbox 770 1909 927 1983; x_wconf 80' lang='lat' dir='ltr'>querelae</span> <span class='ocrx_word' id='word_1_82' title='bbox 944 1909 985 1969; x_wconf 90' lang='lat' dir='ltr'>ad</span> <span class='ocrx_word' id='word_1_83' title='bbox 1003 1909 1123 1969; x_wconf 85' lang='lat' dir='ltr'>tibiam</span> <span class='ocrx_word' id='word_1_84' title='bbox 1143 1911 1295 1969; x_wconf 86' lang='lat' dir='ltr'>cantatae</span> <span class='ocrx_word' id='word_1_85' title='bbox 1312 1906 1353 1966; x_wconf 89' lang='lat' dir='ltr'>ab</span> <span class='ocrx_word' id='word_1_86' title='bbox 1371 1904 1519 1979; x_wconf 81' lang='lat' dir='ltr'>Euripide</span> <span class='ocrx_word' id='word_1_87' title='bbox 1536 1901 1606 1962; x_wconf 88' lang='lat' dir='ltr'>alibi</span> <span class='ocrx_word' id='word_1_88' title='bbox 1722 1933 1723 1938; x_wconf 21' lang='grc' dir='ltr'><strong>κ</strong></span> 
     </span>
     <span class='ocr_line' id='line_1_12' title="bbox 392 2011 1724 2100; baseline -0.005 -20"><span class='ocrx_word' id='word_1_89' title='bbox 392 2025 554 2082; x_wconf 85' lang='lat' dir='ltr'>vocentur</span> <span class='ocrx_word' id='word_1_90' title='bbox 569 2019 678 2098; x_wconf 73' lang='grc' dir='ltr'><strong><em>ἄλυροι</em></strong></span> <span class='ocrx_word' id='word_1_91' title='bbox 694 2020 801 2100; x_wconf 59' lang='lat' dir='ltr'>tityon</span> <span class='ocrx_word' id='word_1_92' title='bbox 824 2023 909 2082; x_wconf 84' lang='lat' dir='ltr'>Nam</span> <span class='ocrx_word' id='word_1_93' title='bbox 936 2023 1029 2098; x_wconf 87' lang='lat' dir='ltr'>epica</span> <span class='ocrx_word' id='word_1_94' title='bbox 1050 2023 1199 2082; x_wconf 88' lang='lat' dir='ltr'>carmina</span> <span class='ocrx_word' id='word_1_95' title='bbox 1221 2036 1242 2080; x_wconf 87' lang='lat' dir='ltr'>a</span> <span class='ocrx_word' id='word_1_96' title='bbox 1268 2019 1439 2095; x_wconf 88' lang='lat' dir='ltr'>rhapsodis</span> <span class='ocrx_word' id='word_1_97' title='bbox 1461 2016 1493 2076; x_wconf 87' lang='lat' dir='ltr'>in</span> <span class='ocrx_word' id='word_1_98' title='bbox 1516 2016 1605 2075; x_wconf 81' lang='lat' dir='ltr'>certa·</span> <span class='ocrx_word' id='word_1_99' title='bbox 1721 2011 1724 2094; x_wconf 85' lang='lat' dir='ltr'>j</span> 
     </span>
    </p>
   </div>
   <div class='ocr_carea' id='block_1_4' title="bbox 390 2127 1723 2554">
    <p class='ocr_par' dir='ltr' id='par_1_5' title="bbox 390 2127 1723 2326">
     <span class='ocr_line' id='line_1_13' title="bbox 391 2127 1723 2210; baseline -0.009 -16"><span class='ocrx_word' id='word_1_100' title='bbox 391 2134 540 2196; x_wconf 80' lang='lat' dir='ltr'><strong>minibus</strong></span> <span class='ocrx_word' id='word_1_101' title='bbox 557 2136 650 2196; x_wconf 92' lang='lat' dir='ltr'>nulla</span> <span class='ocrx_word' id='word_1_102' title='bbox 667 2137 743 2210; x_wconf 83' lang='lat' dir='ltr'>lyra</span> <span class='ocrx_word' id='word_1_103' title='bbox 758 2137 908 2197; x_wconf 86' lang='lat' dir='ltr'>adhibita</span> <span class='ocrx_word' id='word_1_104' title='bbox 925 2137 1160 2198; x_wconf 89' lang='lat' dir='ltr'>recitabantur.</span> <span class='ocrx_word' id='word_1_105' title='bbox 1180 2134 1321 2196; x_wconf 77' lang='lat' dir='ltr'>Gerebat</span> <span class='ocrx_word' id='word_1_106' title='bbox 1338 2133 1425 2194; x_wconf 90' lang='lat' dir='ltr'>enim</span> <span class='ocrx_word' id='word_1_107' title='bbox 1438 2127 1608 2206; x_wconf 87' lang='lat' dir='ltr'>rhapsodus</span> <span class='ocrx_word' id='word_1_108' title='bbox 1722 2153 1723 2182; x_wconf 79' lang='lat' dir='ltr'>l</span> 
     </span>
     <span class='ocr_line' id='line_1_14' title="bbox 390 2224 1723 2326; baseline -0.005 -14"><span class='ocrx_word' id='word_1_109' title='bbox 390 2247 572 2323; x_wconf 78' lang='lat' dir='ltr'><strong>scipionem</strong></span> <span class='ocrx_word' id='word_1_110' title='bbox 596 2249 690 2319; x_wconf 76' lang='lat' dir='ltr'>(vioe</span> <span class='ocrx_word' id='word_1_111' title='bbox 711 2250 856 2311; x_wconf 76' lang='lat' dir='ltr'>cimon.</span> <span class='ocrx_word' id='word_1_112' title='bbox 878 2250 1069 2310; x_wconf 79' lang='lat' dir='ltr'>wuamow.</span> <span class='ocrx_word' id='word_1_113' title='bbox 1092 2266 1123 2326; x_wconf 81' lang='lat' dir='ltr'>p.</span> <span class='ocrx_word' id='word_1_114' title='bbox 1148 2251 1213 2317; x_wconf 77' lang='lat' dir='ltr'>ro).</span> <span class='ocrx_word' id='word_1_115' title='bbox 1721 2224 1723 2319; x_wconf 72' lang='lat' dir='ltr'>j</span> 
     </span>
    </p>

    <p class='ocr_par' dir='ltr' id='par_1_6' title="bbox 395 2355 1723 2554">
     <span class='ocr_line' id='line_1_15' title="bbox 435 2355 1723 2448; baseline -0.007 -26"><span class='ocrx_word' id='word_1_116' title='bbox 435 2360 564 2423; x_wconf 80' lang='lat' dir='ltr'>chorus</span> <span class='ocrx_word' id='word_1_117' title='bbox 593 2363 696 2437; x_wconf 73' lang='lat' dir='ltr'>igitur</span> <span class='ocrx_word' id='word_1_118' title='bbox 726 2363 875 2424; x_wconf 88' lang='lat' dir='ltr'>Alcestin</span> <span class='ocrx_word' id='word_1_119' title='bbox 906 2364 1097 2424; x_wconf 78' lang='lat' dir='ltr'>defunctam</span> <span class='ocrx_word' id='word_1_120' title='bbox 1128 2362 1236 2423; x_wconf 82' lang='lat' dir='ltr'>ualere</span> <span class='ocrx_word' id='word_1_121' title='bbox 1259 2360 1375 2421; x_wconf 88' lang='lat' dir='ltr'>iubens</span> <span class='ocrx_word' id='word_1_122' title='bbox 1397 2371 1560 2419; x_wconf 86' lang='lat' dir='ltr'>summam</span> <span class='ocrx_word' id='word_1_123' title='bbox 1582 2355 1608 2414; x_wconf 89' lang='lat' dir='ltr'>ei</span> <span class='ocrx_word' id='word_1_124' title='bbox 1721 2363 1723 2448; x_wconf 60' lang='lat' dir='ltr'>j</span> 
     </span>
     <span class='ocr_line' id='line_1_16' title="bbox 395 2470 1722 2554; baseline -0.011 -18"><span class='ocrx_word' id='word_1_125' title='bbox 395 2477 481 2552; x_wconf 90' lang='lat' dir='ltr'>apud</span> <span class='ocrx_word' id='word_1_126' title='bbox 504 2479 656 2552; x_wconf 87' lang='lat' dir='ltr'>posteros</span> <span class='ocrx_word' id='word_1_127' title='bbox 677 2477 802 2538; x_wconf 81' lang='lat' dir='ltr'>lamam</span> <span class='ocrx_word' id='word_1_128' title='bbox 826 2479 1004 2554; x_wconf 83' lang='lat' dir='ltr'>promittit,</span> <span class='ocrx_word' id='word_1_129' title='bbox 1029 2493 1105 2538; x_wconf 93' lang='lat' dir='ltr'>cum</span> <span class='ocrx_word' id='word_1_130' title='bbox 1129 2481 1200 2537; x_wconf 88' lang='lat' dir='ltr'>tam</span> <span class='ocrx_word' id='word_1_131' title='bbox 1220 2475 1359 2536; x_wconf 89' lang='lat' dir='ltr'>Athenis</span> <span class='ocrx_word' id='word_1_132' title='bbox 1379 2506 1418 2516; x_wconf 96' lang='lat'>-</span> <span class='ocrx_word' id='word_1_133' title='bbox 1439 2472 1474 2532; x_wconf 92' lang='lat' dir='ltr'>in</span> <span class='ocrx_word' id='word_1_134' title='bbox 1491 2470 1608 2531; x_wconf 90' lang='lat' dir='ltr'>theatro</span> <span class='ocrx_word' id='word_1_135' title='bbox 1719 2483 1722 2521; x_wconf 86' lang='lat' dir='ltr'>l</span> 
     </span>
    </p>
   </div>
   <div class='ocr_carea' id='block_1_5' title="bbox 395 2585 1722 2689">
    <p class='ocr_par' dir='ltr' id='par_1_7' title="bbox 395 2585 1722 2689">
     <span class='ocr_line' id='line_1_17' title="bbox 395 2585 1722 2689; baseline -0.005 -40"><span class='ocrx_word' id='word_1_136' title='bbox 395 2590 537 2664; x_wconf 88' lang='lat' dir='ltr'>scilicet,</span> <span class='ocrx_word' id='word_1_137' title='bbox 579 2607 659 2652; x_wconf 91' lang='lat' dir='ltr'>nam</span> <span class='ocrx_word' id='word_1_138' title='bbox 698 2593 886 2669; x_wconf 79' lang='lat' dir='ltr'>Euripidem</span> <span class='ocrx_word' id='word_1_139' title='bbox 922 2593 975 2653; x_wconf 91' lang='lat' dir='ltr'>his</span> <span class='ocrx_word' id='word_1_140' title='bbox 1006 2592 1117 2653; x_wconf 85' lang='lat' dir='ltr'>verbis</span> <span class='ocrx_word' id='word_1_141' title='bbox 1150 2606 1244 2651; x_wconf 84' lang='lat' dir='ltr'>suam</span> <span class='ocrx_word' id='word_1_142' title='bbox 1279 2590 1384 2664; x_wconf 90' lang='lat' dir='ltr'>ipsius</span> <span class='ocrx_word' id='word_1_143' title='bbox 1416 2585 1608 2661; x_wconf 81' lang='lat' dir='ltr'>tragoediam</span> <span class='ocrx_word' id='word_1_144' title='bbox 1719 2680 1722 2689; x_wconf 33' lang='grc' dir='ltr'>Ι</span> 
     </span>
    </p>
   </div>
   <div class='ocr_carea' id='block_1_6' title="bbox 396 2697 1613 3348">
    <p class='ocr_par' dir='ltr' id='par_1_8' title="bbox 396 2697 1608 2896">
     <span class='ocr_line' id='line_1_18' title="bbox 396 2697 1608 2779; baseline -0.007 -16"><span class='ocrx_word' id='word_1_145' title='bbox 396 2702 604 2778; x_wconf 82' lang='lat' dir='ltr'>significasse</span> <span class='ocrx_word' id='word_1_146' title='bbox 632 2721 698 2766; x_wconf 95' lang='lat' dir='ltr'>non</span> <span class='ocrx_word' id='word_1_147' title='bbox 729 2708 850 2768; x_wconf 82' lang='lat' dir='ltr'>iniuria</span> <span class='ocrx_word' id='word_1_148' title='bbox 879 2706 1084 2767; x_wconf 90' lang='lat' dir='ltr'>contenderit</span> <span class='ocrx_word' id='word_1_149' title='bbox 1112 2705 1233 2779; x_wconf 89' lang='lat' dir='ltr'>aliquis</span> <span class='ocrx_word' id='word_1_150' title='bbox 1263 2736 1304 2745; x_wconf 91' lang='lat'><em>-</em></span> <span class='ocrx_word' id='word_1_151' title='bbox 1334 2716 1433 2776; x_wconf 92' lang='lat' dir='ltr'>quam</span> <span class='ocrx_word' id='word_1_152' title='bbox 1463 2697 1608 2759; x_wconf 87' lang='lat' dir='ltr'>Lacedae·</span> 
     </span>
     <span class='ocr_line' id='line_1_19' title="bbox 397 2814 1585 2896; baseline -0.008 -18"><span class='ocrx_word' id='word_1_153' title='bbox 397 2833 495 2878; x_wconf 90' lang='lat' dir='ltr'>moue</span> <span class='ocrx_word' id='word_1_154' title='bbox 517 2834 633 2881; x_wconf 92' lang='lat' dir='ltr'>mense</span> <span class='ocrx_word' id='word_1_155' title='bbox 656 2819 782 2881; x_wconf 81' lang='lat' dir='ltr'>carneo</span> <span class='ocrx_word' id='word_1_156' title='bbox 804 2821 976 2896; x_wconf 91' lang='lat' dir='ltr'>plenilunii</span> <span class='ocrx_word' id='word_1_157' title='bbox 998 2820 1083 2881; x_wconf 87' lang='lat' dir='ltr'>leste</span> <span class='ocrx_word' id='word_1_158' title='bbox 1106 2835 1191 2881; x_wconf 86' lang='lat' dir='ltr'>uxor</span> <span class='ocrx_word' id='word_1_159' title='bbox 1212 2819 1339 2894; x_wconf 89' lang='lat' dir='ltr'>optima</span> <span class='ocrx_word' id='word_1_160' title='bbox 1361 2816 1406 2876; x_wconf 88' lang='lat' dir='ltr'>sit</span> <span class='ocrx_word' id='word_1_161' title='bbox 1428 2814 1585 2874; x_wconf 89' lang='lat' dir='ltr'>auditura.</span> 
     </span>
    </p>

    <p class='ocr_par' dir='ltr' id='par_1_9' title="bbox 396 2928 1613 3348">
     <span class='ocr_line' id='line_1_20' title="bbox 442 2928 1609 3010; baseline -0.006 -19"><span class='ocrx_word' id='word_1_162' title='bbox 442 2932 554 2992; x_wconf 89' lang='lat' dir='ltr'>llense</span> <span class='ocrx_word' id='word_1_163' title='bbox 577 2937 689 2994; x_wconf 91' lang='lat' dir='ltr'>autem</span> <span class='ocrx_word' id='word_1_164' title='bbox 714 2934 840 2996; x_wconf 83' lang='lat' dir='ltr'>carneo</span> <span class='ocrx_word' id='word_1_165' title='bbox 862 2937 934 2996; x_wconf 91' lang='lat' dir='ltr'>dies</span> <span class='ocrx_word' id='word_1_166' title='bbox 957 2935 1083 3010; x_wconf 86' lang='lat' dir='ltr'>aliquot</span> <span class='ocrx_word' id='word_1_167' title='bbox 1103 2935 1209 2996; x_wconf 79' lang='lat' dir='ltr'>festos</span> <span class='ocrx_word' id='word_1_168' title='bbox 1229 2932 1393 3008; x_wconf 82' lang='lat' dir='ltr'><strong>Apollinis</strong></span> <span class='ocrx_word' id='word_1_169' title='bbox 1412 2930 1444 2988; x_wconf 95' lang='lat' dir='ltr'>in</span> <span class='ocrx_word' id='word_1_170' title='bbox 1465 2928 1609 2988; x_wconf 90' lang='lat' dir='ltr'>honorem</span> 
     </span>
     <span class='ocr_line' id='line_1_21' title="bbox 397 3042 1611 3123; baseline -0.007 -18"><span class='ocrx_word' id='word_1_171' title='bbox 397 3046 507 3119; x_wconf 77' lang='lat' dir='ltr'>egisse</span> <span class='ocrx_word' id='word_1_172' title='bbox 536 3046 717 3120; x_wconf 79' lang='lat' dir='ltr'>Spartanos</span> <span class='ocrx_word' id='word_1_173' title='bbox 746 3048 814 3108; x_wconf 92' lang='lat' dir='ltr'>iam</span> <span class='ocrx_word' id='word_1_174' title='bbox 845 3048 1037 3123; x_wconf 88' lang='lat' dir='ltr'>didicimus,</span> <span class='ocrx_word' id='word_1_175' title='bbox 1068 3063 1145 3108; x_wconf 92' lang='lat' dir='ltr'>cum</span> <span class='ocrx_word' id='word_1_176' title='bbox 1167 3060 1297 3122; x_wconf 81' lang='lat' dir='ltr'>pugnae</span> <span class='ocrx_word' id='word_1_177' title='bbox 1318 3042 1542 3104; x_wconf 72' lang='lat' dir='ltr'>Marathonian</span> <span class='ocrx_word' id='word_1_178' title='bbox 1562 3052 1611 3098; x_wconf 87' lang='lat' dir='ltr'>cur</span> 
     </span>
     <span class='ocr_line' id='line_1_22' title="bbox 396 3151 1613 3228; baseline -0.008 -9"><span class='ocrx_word' id='word_1_179' title='bbox 396 3173 462 3219; x_wconf 92' lang='lat' dir='ltr'>non</span> <span class='ocrx_word' id='word_1_180' title='bbox 501 3159 733 3222; x_wconf 75' lang='lat' dir='ltr'>interfuissent</span> <span class='ocrx_word' id='word_1_181' title='bbox 773 3161 1024 3222; x_wconf 85' lang='lat' dir='ltr'>Lacedaemonii</span> <span class='ocrx_word' id='word_1_182' title='bbox 1060 3161 1216 3221; x_wconf 87' lang='lat' dir='ltr'>historico</span> <span class='ocrx_word' id='word_1_183' title='bbox 1249 3174 1268 3220; x_wconf 92' lang='lat' dir='ltr'>e</span> <span class='ocrx_word' id='word_1_184' title='bbox 1301 3156 1411 3219; x_wconf 86' lang='lat' dir='ltr'>libello</span> <span class='ocrx_word' id='word_1_185' title='bbox 1445 3151 1613 3228; x_wconf 89' lang='lat' dir='ltr'>accipieba-</span> 
     </span>
     <span class='ocr_line' id='line_1_23' title="bbox 398 3265 1613 3348; baseline -0.004 -17"><span class='ocrx_word' id='word_1_186' title='bbox 398 3287 483 3333; x_wconf 91' lang='lat' dir='ltr'>mus.</span> <span class='ocrx_word' id='word_1_187' title='bbox 513 3273 559 3333; x_wconf 81' lang='lat' dir='ltr'>At</span> <span class='ocrx_word' id='word_1_188' title='bbox 587 3274 665 3347; x_wconf 92' lang='lat' dir='ltr'>quid</span> <span class='ocrx_word' id='word_1_189' title='bbox 695 3275 855 3336; x_wconf 78' lang='lat' dir='ltr'>Alcestidi</span> <span class='ocrx_word' id='word_1_190' title='bbox 885 3275 1076 3335; x_wconf 77' lang='lat' dir='ltr'>Thessaliae</span> <span class='ocrx_word' id='word_1_191' title='bbox 1097 3274 1231 3348; x_wconf 77' lang='lat' dir='ltr'>reginae</span> <span class='ocrx_word' id='word_1_192' title='bbox 1253 3287 1326 3333; x_wconf 92' lang='lat' dir='ltr'>cum</span> <span class='ocrx_word' id='word_1_193' title='bbox 1353 3269 1513 3331; x_wconf 77' lang='lat' dir='ltr'>Carneis?</span> <span class='ocrx_word' id='word_1_194' title='bbox 1536 3265 1613 3341; x_wconf 80' lang='lat' dir='ltr'>Quae</span> 
     </span>
    </p>
   </div>
   <div class='ocr_carea' id='block_1_7' title="bbox 396 3377 1721 3463">
    <p class='ocr_par' dir='ltr' id='par_1_10' title="bbox 396 3377 1721 3463">
     <span class='ocr_line' id='line_1_24' title="bbox 396 3377 1721 3463; baseline -0.006 -17"><span class='ocrx_word' id='word_1_195' title='bbox 396 3384 461 3446; x_wconf 80' lang='lat' dir='ltr'>luit</span> <span class='ocrx_word' id='word_1_196' title='bbox 493 3385 610 3447; x_wconf 82' lang='lat' dir='ltr'>carnei</span> <span class='ocrx_word' id='word_1_197' title='bbox 643 3388 807 3463; x_wconf 84' lang='lat' dir='ltr'>Apollinis</span> <span class='ocrx_word' id='word_1_198' title='bbox 840 3393 963 3450; x_wconf 88' lang='lat' dir='ltr'>natura</span> <span class='ocrx_word' id='word_1_199' title='bbox 991 3391 1090 3463; x_wconf 94' lang='lat' dir='ltr'>atque</span> <span class='ocrx_word' id='word_1_200' title='bbox 1120 3388 1261 3462; x_wconf 87' lang='lat' dir='ltr'>indoles,</span> <span class='ocrx_word' id='word_1_201' title='bbox 1292 3389 1329 3446; x_wconf 95' lang='lat' dir='ltr'>ut</span> <span class='ocrx_word' id='word_1_202' title='bbox 1352 3399 1428 3444; x_wconf 89' lang='lat' dir='ltr'>cum</span> <span class='ocrx_word' id='word_1_203' title='bbox 1451 3383 1550 3442; x_wconf 92' lang='lat' dir='ltr'>huius</span> <span class='ocrx_word' id='word_1_204' title='bbox 1571 3377 1614 3438; x_wconf 88' lang='lat' dir='ltr'>dei</span> <span class='ocrx_word' id='word_1_205' title='bbox 1718 3450 1721 3459; x_wconf 33' lang='grc' dir='ltr'>Ι</span> 
     </span>
    </p>
   </div>
   <div class='ocr_carea' id='block_1_8' title="bbox 397 3493 1614 3576">
    <p class='ocr_par' dir='ltr' id='par_1_11' title="bbox 397 3493 1614 3576">
     <span class='ocr_line' id='line_1_25' title="bbox 397 3493 1614 3576; baseline -0.005 -18"><span class='ocrx_word' id='word_1_206' title='bbox 397 3500 703 3562; x_wconf 81' lang='lat' dir='ltr'>sacris-Alcestidis</span> <span class='ocrx_word' id='word_1_207' title='bbox 725 3517 845 3563; x_wconf 90' lang='lat' dir='ltr'>nomen</span> <span class='ocrx_word' id='word_1_208' title='bbox 868 3502 1025 3576; x_wconf 82' lang='lat' dir='ltr'>coniungi</span> <span class='ocrx_word' id='word_1_209' title='bbox 1048 3503 1183 3576; x_wconf 77' lang='lat' dir='ltr'>posset?</span> <span class='ocrx_word' id='word_1_210' title='bbox 1205 3500 1304 3574; x_wconf 82' lang='lat' dir='ltr'>Nam,</span> <span class='ocrx_word' id='word_1_211' title='bbox 1330 3502 1367 3559; x_wconf 92' lang='lat' dir='ltr'>ut</span> <span class='ocrx_word' id='word_1_212' title='bbox 1389 3496 1497 3571; x_wconf 87' lang='lat' dir='ltr'>quivis</span> <span class='ocrx_word' id='word_1_213' title='bbox 1520 3493 1614 3564; x_wconf 84' lang='lat' dir='ltr'>videt,</span> 
     </span>
    </p>
   </div>
   <div class='ocr_carea' id='block_1_9' title="bbox 398 3605 1721 3690">
    <p class='ocr_par' dir='ltr' id='par_1_12' title="bbox 398 3605 1721 3690">
     <span class='ocr_line' id='line_1_26' title="bbox 398 3605 1721 3690; baseline 0 -18"><span class='ocrx_word' id='word_1_214' title='bbox 398 3612 439 3672; x_wconf 89' lang='lat' dir='ltr'>de</span> <span class='ocrx_word' id='word_1_215' title='bbox 472 3614 618 3674; x_wconf 89' lang='lat' dir='ltr'>carmine</span> <span class='ocrx_word' id='word_1_216' title='bbox 647 3630 713 3675; x_wconf 92' lang='lat' dir='ltr'>non</span> <span class='ocrx_word' id='word_1_217' title='bbox 743 3616 850 3676; x_wconf 92' lang='lat' dir='ltr'>semel</span> <span class='ocrx_word' id='word_1_218' title='bbox 878 3617 1065 3690; x_wconf 85' lang='lat' dir='ltr'>iterumque</span> <span class='ocrx_word' id='word_1_219' title='bbox 1095 3617 1128 3675; x_wconf 92' lang='lat' dir='ltr'>in</span> <span class='ocrx_word' id='word_1_220' title='bbox 1159 3613 1296 3675; x_wconf 81' lang='lat' dir='ltr'>carneis</span> <span class='ocrx_word' id='word_1_221' title='bbox 1325 3611 1467 3687; x_wconf 84' lang='lat' dir='ltr'>prolato,</span> <span class='ocrx_word' id='word_1_222' title='bbox 1499 3608 1555 3668; x_wconf 89' lang='lat' dir='ltr'>sed</span> <span class='ocrx_word' id='word_1_223' title='bbox 1583 3605 1615 3664; x_wconf 92' lang='lat' dir='ltr'>de</span> <span class='ocrx_word' id='word_1_224' title='bbox 1718 3648 1721 3665; x_wconf 84' lang='lat'>·</span> 
     </span>
    </p>
   </div>
   <div class='ocr_carea' id='block_1_10' title="bbox 399 3727 1721 4604">
    <p class='ocr_par' dir='ltr' id='par_1_13' title="bbox 399 3727 1721 4604">
     <span class='ocr_line' id='line_1_27' title="bbox 399 3727 1072 3805; baseline 0.007 -20"><span class='ocrx_word' id='word_1_225' title='bbox 399 3727 547 3787; x_wconf 88' lang='lat' dir='ltr'>carmine</span> <span class='ocrx_word' id='word_1_226' title='bbox 568 3729 699 3790; x_wconf 82' lang='lat' dir='ltr'>solemni</span> <span class='ocrx_word' id='word_1_227' title='bbox 720 3731 894 3805; x_wconf 80' lang='lat' dir='ltr'>Euripides</span> <span class='ocrx_word' id='word_1_228' title='bbox 915 3731 1072 3805; x_wconf 88' lang='lat' dir='ltr'>loquitur.</span> 
     </span>
     <span class='ocr_line' id='line_1_28' title="bbox 444 3811 1721 3921; baseline -0.007 -22"><span class='ocrx_word' id='word_1_229' title='bbox 444 3841 565 3901; x_wconf 90' lang='lat' dir='ltr'>Parum</span> <span class='ocrx_word' id='word_1_230' title='bbox 604 3844 717 3904; x_wconf 89' lang='lat' dir='ltr'>autem</span> <span class='ocrx_word' id='word_1_231' title='bbox 752 3845 887 3921; x_wconf 89' lang='lat' dir='ltr'>prodest</span> <span class='ocrx_word' id='word_1_232' title='bbox 919 3844 968 3919; x_wconf 92' lang='lat' dir='ltr'>id,</span> <span class='ocrx_word' id='word_1_233' title='bbox 1000 3844 1085 3917; x_wconf 94' lang='lat' dir='ltr'>quod</span> <span class='ocrx_word' id='word_1_234' title='bbox 1120 3842 1299 3904; x_wconf 89' lang='lat' dir='ltr'>observare</span> <span class='ocrx_word' id='word_1_235' title='bbox 1329 3839 1437 3900; x_wconf 86' lang='lat' dir='ltr'>solent</span> <span class='ocrx_word' id='word_1_236' title='bbox 1469 3837 1618 3898; x_wconf 86' lang='lat' dir='ltr'>editores:</span> <span class='ocrx_word' id='word_1_237' title='bbox 1717 3811 1721 3861; x_wconf 60' lang='lat'><em>³</em></span> 
     </span>
     <span class='ocr_line' id='line_1_29' title="bbox 404 3949 1617 4033; baseline -0.007 -19"><span class='ocrx_word' id='word_1_238' title='bbox 404 3955 547 4029; x_wconf 76' lang='lat' dir='ltr'>„mirum</span> <span class='ocrx_word' id='word_1_239' title='bbox 573 3971 639 4016; x_wconf 92' lang='lat' dir='ltr'>non</span> <span class='ocrx_word' id='word_1_240' title='bbox 661 3971 750 4033; x_wconf 84' lang='lat' dir='ltr'>esse,</span> <span class='ocrx_word' id='word_1_241' title='bbox 775 3958 861 4031; x_wconf 89' lang='lat' dir='ltr'>quod</span> <span class='ocrx_word' id='word_1_242' title='bbox 887 3959 921 4018; x_wconf 92' lang='lat' dir='ltr'>in</span> <span class='ocrx_word' id='word_1_243' title='bbox 944 3957 1148 4018; x_wconf 90' lang='lat' dir='ltr'>carminibus</span> <span class='ocrx_word' id='word_1_244' title='bbox 1170 3955 1313 4030; x_wconf 81' lang='lat' dir='ltr'>Apollini</span> <span class='ocrx_word' id='word_1_245' title='bbox 1335 3953 1441 4014; x_wconf 84' lang='lat' dir='ltr'>sacris</span> <span class='ocrx_word' id='word_1_246' title='bbox 1464 3949 1617 4011; x_wconf 82' lang='lat' dir='ltr'>celebrata</span> 
     </span>
     <span class='ocr_line' id='line_1_30' title="bbox 400 4062 1618 4146; baseline -0.008 -19"><span class='ocrx_word' id='word_1_247' title='bbox 400 4069 446 4128; x_wconf 87' lang='lat' dir='ltr'>sit</span> <span class='ocrx_word' id='word_1_248' title='bbox 479 4069 532 4128; x_wconf 91' lang='lat' dir='ltr'>dei</span> <span class='ocrx_word' id='word_1_249' title='bbox 556 4068 591 4129; x_wconf 88' lang='lat' dir='ltr'>in</span> <span class='ocrx_word' id='word_1_250' title='bbox 622 4068 805 4130; x_wconf 88' lang='lat' dir='ltr'>Admetum</span> <span class='ocrx_word' id='word_1_251' title='bbox 836 4070 1100 4146; x_wconf 84' lang='lat' dir='ltr'>benevolentia”,</span> <span class='ocrx_word' id='word_1_252' title='bbox 1132 4073 1167 4130; x_wconf 88' lang='lat' dir='ltr'>et</span> <span class='ocrx_word' id='word_1_253' title='bbox 1195 4069 1313 4130; x_wconf 88' lang='lat' dir='ltr'>testari</span> <span class='ocrx_word' id='word_1_254' title='bbox 1337 4065 1490 4127; x_wconf 85' lang='lat' dir='ltr'>videntur</span> <span class='ocrx_word' id='word_1_255' title='bbox 1513 4062 1618 4137; x_wconf 86' lang='lat' dir='ltr'>poetae</span> 
     </span>
     <span class='ocr_line' id='line_1_31' title="bbox 400 4158 1615 4259; baseline -0.007 -17"><span class='ocrx_word' id='word_1_256' title='bbox 400 4158 513 4259; x_wconf 80' lang='lat' dir='ltr'>uerba,</span> <span class='ocrx_word' id='word_1_257' title='bbox 544 4183 700 4244; x_wconf 81' lang='lat' dir='ltr'>fabellam</span> <span class='ocrx_word' id='word_1_258' title='bbox 727 4184 761 4244; x_wconf 94' lang='lat' dir='ltr'>in</span> <span class='ocrx_word' id='word_1_259' title='bbox 784 4184 958 4245; x_wconf 78' lang='lat' dir='ltr'>Thessalia</span> <span class='ocrx_word' id='word_1_260' title='bbox 980 4189 1089 4246; x_wconf 89' lang='lat' dir='ltr'>ortam</span> <span class='ocrx_word' id='word_1_261' title='bbox 1113 4183 1302 4244; x_wconf 90' lang='lat' dir='ltr'>arctissimo</span> <span class='ocrx_word' id='word_1_262' title='bbox 1323 4178 1464 4254; x_wconf 88' lang='lat' dir='ltr'>quodam</span> <span class='ocrx_word' id='word_1_263' title='bbox 1488 4174 1615 4236; x_wconf 87' lang='lat' dir='ltr'>sanctis·</span> 
     </span>
     <span class='ocr_line' id='line_1_32' title="bbox 400 4292 1616 4373; baseline -0.007 -19"><span class='ocrx_word' id='word_1_264' title='bbox 400 4294 550 4370; x_wconf 89' lang='lat' dir='ltr'>simoque</span> <span class='ocrx_word' id='word_1_265' title='bbox 579 4312 668 4358; x_wconf 91' lang='lat' dir='ltr'>nexu</span> <span class='ocrx_word' id='word_1_266' title='bbox 700 4298 889 4360; x_wconf 86' lang='lat' dir='ltr'>cohaesisse</span> <span class='ocrx_word' id='word_1_267' title='bbox 920 4315 997 4360; x_wconf 89' lang='lat' dir='ltr'>cum</span> <span class='ocrx_word' id='word_1_268' title='bbox 1025 4299 1078 4358; x_wconf 90' lang='lat' dir='ltr'>dei</span> <span class='ocrx_word' id='word_1_269' title='bbox 1105 4294 1369 4373; x_wconf 87' lang='lat' dir='ltr'>peloponnesiaci</span> <span class='ocrx_word' id='word_1_270' title='bbox 1399 4292 1490 4353; x_wconf 90' lang='lat' dir='ltr'>cultu</span> <span class='ocrx_word' id='word_1_271' title='bbox 1516 4301 1616 4364; x_wconf 85' lang='lat' dir='ltr'>perve-</span> 
     </span>
     <span class='ocr_line' id='line_1_33' title="bbox 402 4399 1617 4486; baseline -0.005 -18"><span class='ocrx_word' id='word_1_272' title='bbox 402 4411 504 4469; x_wconf 87' lang='lat' dir='ltr'>tusto.</span> <span class='ocrx_word' id='word_1_273' title='bbox 536 4409 742 4485; x_wconf 80' lang='lat' dir='ltr'>Quaeramus</span> <span class='ocrx_word' id='word_1_274' title='bbox 770 4412 873 4485; x_wconf 78' lang='lat' dir='ltr'>igitur</span> <span class='ocrx_word' id='word_1_275' title='bbox 895 4428 938 4473; x_wconf 91' lang='lat' dir='ltr'>an</span> <span class='ocrx_word' id='word_1_276' title='bbox 961 4415 1128 4486; x_wconf 89' lang='lat' dir='ltr'>veterum,</span> <span class='ocrx_word' id='word_1_277' title='bbox 1152 4424 1237 4484; x_wconf 88' lang='lat' dir='ltr'>quae</span> <span class='ocrx_word' id='word_1_278' title='bbox 1259 4409 1299 4469; x_wconf 91' lang='lat' dir='ltr'>ad</span> <span class='ocrx_word' id='word_1_279' title='bbox 1322 4421 1385 4468; x_wconf 87' lang='lat' dir='ltr'>nos</span> <span class='ocrx_word' id='word_1_280' title='bbox 1407 4399 1617 4480; x_wconf 76' lang='lat' dir='ltr'>pervenerunt</span> 
     </span>
     <span class='ocr_line' id='line_1_34' title="bbox 402 4516 1560 4604; baseline -0.006 -23"><span class='ocrx_word' id='word_1_281' title='bbox 402 4521 442 4581; x_wconf 93' lang='lat' dir='ltr'>de</span> <span class='ocrx_word' id='word_1_282' title='bbox 464 4520 589 4586; x_wconf 79' lang='lat' dir='ltr'>carneo</span> <span class='ocrx_word' id='word_1_283' title='bbox 608 4524 668 4587; x_wconf 92' lang='lat' dir='ltr'>deo</span> <span class='ocrx_word' id='word_1_284' title='bbox 691 4523 956 4600; x_wconf 87' lang='lat' dir='ltr'>observationes,</span> <span class='ocrx_word' id='word_1_285' title='bbox 979 4524 1160 4600; x_wconf 89' lang='lat' dir='ltr'>praebeant</span> <span class='ocrx_word' id='word_1_286' title='bbox 1173 4522 1268 4604; x_wconf 87' lang='lat' dir='ltr'>qood</span> <span class='ocrx_word' id='word_1_287' title='bbox 1291 4521 1426 4581; x_wconf 90' lang='lat' dir='ltr'>adrem</span> <span class='ocrx_word' id='word_1_288' title='bbox 1449 4516 1560 4577; x_wconf 86' lang='lat' dir='ltr'>iaciat.</span> 
     </span>
    </p>
   </div>
   <div class='ocr_carea' id='block_1_11' title="bbox 0 0 1786 5692">
    <p class='ocr_par' dir='ltr' id='par_1_14' title="bbox 0 0 1786 5692">
     <span class='ocr_line' id='line_1_35' title="bbox 0 0 1786 5692; baseline 0 0"><span class='ocrx_word' id='word_1_289' title='bbox 0 0 1786 5692; x_wconf 95' lang='lat' dir='ltr'> </span> 
     </span>
    </p>
   </div>
  </div>
 </body>
</html>
