3525 5692
343 697 409 756 216
705 709 748 753 ns
768 708 988 754 memorum
1008 707 1204 753 tmusonis,

343 883 463 944 ueneat
479 879 513 953 ¹).
535 883 681 944 Advenit
701 882 900 958 Telegonus,
923 881 963 942 fit
980 878 1226 960 ἀναγνορισμός,
1246 880 1364 942 Ulixes
1383 894 1480 940 caeca
1497 879 1567 940 iata

342 997 444 1058 sortis
475 997 643 1057 humanae
675 997 882 1057 lamentatus
915 1011 935 1057 e
969 997 1040 1056 vita
1072 995 1225 1071 discedit,
1263 1009 1328 1068 quo
1360 994 1448 1055 iacto
1479 991 1568 1054 iilius

344 1113 493 1172 moestus
513 1111 556 1171 ad
576 1113 722 1171 matrem
744 1108 859 1170 Circen
880 1109 1071 1170 revertitur.

388 1225 528 1285 Secutus
550 1239 627 1284 sum
648 1226 720 1284 tam
742 1224 932 1298 fragmenta
953 1222 1126 1298 Sophoclis
1144 1237 1244 1296 quam
1262 1237 1346 1296 quse
1364 1221 1568 1282 tradiderunt

343 1338 510 1414 Hyginus,
546 1338 727 1414 Oppianus,
757 1337 884 1412 Dictys.
916 1337 1016 1398 Addit
1047 1336 1201 1411 Hyginus
1230 1335 1292 1397 sub
1313 1335 1415 1397 finem
1438 1335 1567 1397 fabulae

342 1452 535 1528 apparuisse
564 1451 761 1526 llinervam,
793 1451 889 1511 cuins
918 1451 1050 1511 monitu
1072 1451 1170 1511 heros
1192 1452 1347 1510 mortuus
1367 1450 1402 1509 in
1423 1449 1567 1510 insulam

342 1565 488 1626 Aeaeam
520 1566 568 1625 sit
600 1565 809 1640 deportatus,
843 1564 901 1625 ubi
935 1565 1143 1640 sepeliretur.
1178 1563 1335 1624 Eiusdem
1365 1563 1445 1624 deae
1475 1564 1568 1625 iussu

343 1679 544 1754 Telegonum
567 1679 766 1755 Penelopen,
788 1677 1026 1739 Telemachum
1049 1677 1165 1739 circen
1188 1692 1326 1738 uxorem
1349 1677 1494 1739 duxisse.

387 1792 479 1853 'l'alis
500 1809 579 1854 vero
600 1790 677 1853 linis
699 1792 881 1868 nonnullis,
907 1795 945 1853 ut
967 1793 1066 1868 milri,
1089 1793 1198 1867 magis
1219 1776 1413 1868 Euripideus
1430 1807 1568 1866 quame

342 1905 514 1982 Sophoclis
545 1907 678 1981 ingenio
711 1906 887 1982 videbitur,
922 1921 1025 1981 quare
1058 1907 1171 1982 potius
1204 1907 1340 1967 credent
1371 1906 1571 1982 Sophocleae

340 2021 471 2082 tabulae
500 2019 631 2080 exitum
659 2020 765 2081 tuisse
794 2022 833 2081 ut
860 2020 949 2096 apud
971 2021 1143 2081 auctorem
1167 2020 1333 2094 Odysseae
1354 2020 1527 2095 periochae
1549 2035 1570 2081 a

341 2136 548 2196 Buttmanno
566 2134 689 2211 editae,
709 2135 805 2194 cuius
822 2134 946 2194 ultima
963 2135 1043 2194 sunt
1057 2133 1176 2195 verba:
1191 2131 1322 2210 ,μαθὼν
1333 2123 1390 2193 οὖν
1404 2129 1569 2212 Τηλέγονος

342 2247 388 2308 ὅτι
399 2246 452 2308 τὸν
470 2243 585 2325 πατέρα
601 2244 716 2323 ἀνεῖλε,
732 2246 895 2324 πενθήσας
914 2245 1009 2306 αὐτὸν
1027 2255 1143 2326 πικρῶς
1160 2245 1330 2326 ἀνεχώρησε
1347 2241 1571 2325 τῆς’1θᾶιιης”.

386 2363 472 2423 Utut
489 2362 522 2422 id
541 2364 607 2438 est,
631 2363 857 2436 unusquisque
880 2362 948 2423 iam
972 2362 1167 2423 observavit
1188 2362 1229 2423 de
1251 2362 1369 2422 itinere
1390 2362 1425 2422 in
1444 2361 1569 2422 Elidem

340 2476 468 2536 nullam
498 2476 584 2552 apud
615 2475 812 2551 Sophoclem
843 2473 915 2536 fieri
946 2476 1170 2549 mentionem;
1200 2476 1289 2536 hunc
1311 2477 1425 2535 autem
1448 2476 1487 2536 de
1509 2491 1571 2536 suo

342 2589 462 2651 velex
484 2589 631 2650 Homero
661 2588 827 2649 addidisse
856 2589 1024 2649 monetam
1053 2589 1134 2649 ιιιιιά
1162 2583 1386 2664 Dodonaeum,
1418 2588 1502 2662 quod
1532 2591 1570 2649 ut

342 2703 518 2776 Pythicum
551 2703 634 2763 illud
667 2703 703 2762 in
732 2702 932 2778 Oedipodes,
964 2702 1069 2762 totius
1098 2701 1288 2777 tragoediae
1318 2702 1417 2762 cardo
1442 2702 1569 2763 factum

342 2819 404 2877 est.
434 2816 622 2877 Declinavit
649 2816 798 2891 tragicus
826 2831 847 2876 a
877 2816 932 2876 via
959 2830 1060 2890 quam
1090 2818 1260 2877 straverat
1285 2815 1507 2893 Eugammon,
1530 2819 1570 2876 ut

342 2945 400 3005 pro
421 2945 482 2991 sno
505 2931 636 3005 ingenio
657 2931 834 2992 materiem
857 2933 1029 2992 tractaret.

377 3199 398 3263 ¹)
415 3200 484 3249 Audi
500 3201 661 3262 Oedipodem
678 3200 792 3250 inscium
809 3201 893 3263 patris
910 3203 996 3264 φωέαι
