<?xml version="1.0" encoding="UTF-8"?>
<!DOCTYPE html PUBLIC "-//W3C//DTD XHTML 1.0 Transitional//EN"
    "http://www.w3.org/TR/xhtml1/DTD/xhtml1-transitional.dtd">
<html xmlns="http://www.w3.org/1999/xhtml" xml:lang="en" lang="en">
 <head>
  <title>
</title>
<meta http-equiv="Content-Type" content="text/html;charset=utf-8" />
  <meta name='ocr-system' content='tesseract 3.04.00' />
  <meta name='ocr-capabilities' content='ocr_page ocr_carea ocr_par ocr_line ocrx_word'/>
</head>
<body>
  <div class='ocr_page' id='page_1' title='image "./deajacisorigine00vgoog_0022.png"; bbox 0 0 3525 5692; ppageno 0'>
   <div class='ocr_carea' id='block_1_1' title="bbox 827 719 1043 785">
    <p class='ocr_par' dir='ltr' id='par_1_1' title="bbox 827 719 1043 785">
     <span class='ocr_line' id='line_1_1' title="bbox 827 719 1043 785; baseline 0.014 -22"><span class='ocrx_word' id='word_1_1' title='bbox 827 770 833 785; x_wconf 37' lang='lat'><strong><em>¹</em></strong></span> <span class='ocrx_word' id='word_1_2' title='bbox 866 719 909 763; x_wconf 83' lang='lat' dir='ltr'>nr</span> <span class='ocrx_word' id='word_1_3' title='bbox 932 721 1043 766; x_wconf 77' lang='lat' dir='ltr'>Arnon.</span> 
     </span>
    </p>
   </div>
   <div class='ocr_carea' id='block_1_2' title="bbox 339 889 1571 2803">
    <p class='ocr_par' dir='ltr' id='par_1_2' title="bbox 458 889 1569 1063">
     <span class='ocr_line' id='line_1_2' title="bbox 458 889 1569 965; baseline 0.009 -18"><span class='ocrx_word' id='word_1_4' title='bbox 458 889 618 961; x_wconf 89' lang='lat' dir='ltr'>quosdam</span> <span class='ocrx_word' id='word_1_5' title='bbox 654 904 696 950; x_wconf 91' lang='lat' dir='ltr'>ex</span> <span class='ocrx_word' id='word_1_6' title='bbox 728 890 875 952; x_wconf 84' lang='lat' dir='ltr'>Homero</span> <span class='ocrx_word' id='word_1_7' title='bbox 910 892 1117 965; x_wconf 80' lang='lat' dir='ltr'>quaesivisse</span> <span class='ocrx_word' id='word_1_8' title='bbox 1147 894 1320 955; x_wconf 86' lang='lat' dir='ltr'>auxilium.</span> <span class='ocrx_word' id='word_1_9' title='bbox 1351 894 1406 956; x_wconf 81' lang='lat' dir='ltr'>Sic</span> <span class='ocrx_word' id='word_1_10' title='bbox 1435 909 1569 957; x_wconf 86' lang='lat' dir='ltr'>versum</span> 
     </span>
     <span class='ocr_line' id='line_1_3' title="bbox 464 1002 602 1063; baseline 0.014 -3"><span class='ocrx_word' id='word_1_11' title='bbox 464 1003 499 1060; x_wconf 83' lang='grc' dir='ltr'><strong>Ψ</strong></span> <span class='ocrx_word' id='word_1_12' title='bbox 518 1002 602 1063; x_wconf 82' lang='lat'>821:</span> 
     </span>
    </p>

    <p class='ocr_par' dir='ltr' id='par_1_3' title="bbox 457 1111 1568 1424">
     <span class='ocr_line' id='line_1_4' title="bbox 566 1111 1357 1205; baseline 0.009 -31"><span class='ocrx_word' id='word_1_13' title='bbox 566 1111 631 1175; x_wconf 80' lang='grc' dir='ltr'><strong><em>αἰέν</em></strong></span> <span class='ocrx_word' id='word_1_14' title='bbox 655 1111 697 1176; x_wconf 76' lang='grc' dir='ltr'>ἐπ’</span> <span class='ocrx_word' id='word_1_15' title='bbox 724 1112 823 1196; x_wconf 84' lang='grc' dir='ltr'><strong><em>αὐχέν’</em></strong></span> <span class='ocrx_word' id='word_1_16' title='bbox 850 1116 937 1197; x_wconf 71' lang='lat' dir='ltr'>inops</span> <span class='ocrx_word' id='word_1_17' title='bbox 962 1128 1093 1196; x_wconf 81' lang='grc' dir='ltr'><strong><em>φαεινοῦ</em></strong></span> <span class='ocrx_word' id='word_1_18' title='bbox 1118 1118 1230 1197; x_wconf 76' lang='grc' dir='ltr'><strong><em>δουρὸς</em></strong></span> <span class='ocrx_word' id='word_1_19' title='bbox 1253 1118 1357 1205; x_wconf 72' lang='grc' dir='ltr'><strong><em>ἀκωκῇ</em></strong></span> 
     </span>
     <span class='ocr_line' id='line_1_5' title="bbox 457 1230 1568 1312; baseline 0.004 -22"><span class='ocrx_word' id='word_1_20' title='bbox 457 1230 544 1291; x_wconf 87' lang='lat' dir='ltr'>haud</span> <span class='ocrx_word' id='word_1_21' title='bbox 567 1231 664 1292; x_wconf 89' lang='lat' dir='ltr'>dubie</span> <span class='ocrx_word' id='word_1_22' title='bbox 684 1231 812 1294; x_wconf 85' lang='lat' dir='ltr'>iontem</span> <span class='ocrx_word' id='word_1_23' title='bbox 834 1233 939 1294; x_wconf 81' lang='lat' dir='ltr'>tuisse</span> <span class='ocrx_word' id='word_1_24' title='bbox 962 1233 1053 1295; x_wconf 89' lang='lat' dir='ltr'>iilius</span> <span class='ocrx_word' id='word_1_25' title='bbox 1074 1234 1207 1296; x_wconf 81' lang='lat' dir='ltr'>tabulae</span> <span class='ocrx_word' id='word_1_26' title='bbox 1230 1235 1372 1312; x_wconf 75' lang='lat' dir='ltr'>formae,</span> <span class='ocrx_word' id='word_1_27' title='bbox 1394 1249 1459 1308; x_wconf 92' lang='lat' dir='ltr'>qua</span> <span class='ocrx_word' id='word_1_28' title='bbox 1481 1235 1568 1295; x_wconf 84' lang='lat' dir='ltr'><strong>Aiax</strong></span> 
     </span>
     <span class='ocr_line' id='line_1_6' title="bbox 457 1337 1221 1424; baseline 0.009 -22"><span class='ocrx_word' id='word_1_29' title='bbox 457 1340 586 1421; x_wconf 71' lang='grc' dir='ltr'><strong><em>ἄτρωτος</em></strong></span> <span class='ocrx_word' id='word_1_30' title='bbox 609 1337 688 1404; x_wconf 77' lang='grc' dir='ltr'><strong><em>εἶναι</em></strong></span> <span class='ocrx_word' id='word_1_31' title='bbox 710 1343 790 1422; x_wconf 78' lang='grc' dir='ltr'><strong><em>πλὴν</em></strong></span> <span class='ocrx_word' id='word_1_32' title='bbox 813 1355 867 1406; x_wconf 84' lang='grc' dir='ltr'>τοῦ</span> <span class='ocrx_word' id='word_1_33' title='bbox 892 1344 1019 1424; x_wconf 76' lang='grc' dir='ltr'><strong><em>αὐχένος</em></strong></span> <span class='ocrx_word' id='word_1_34' title='bbox 1038 1348 1221 1422; x_wconf 75' lang='lat' dir='ltr'>ferebatur3</span> 
     </span>
    </p>

    <p class='ocr_par' dir='ltr' id='par_1_4' title="bbox 384 1449 1570 1540">
     <span class='ocr_line' id='line_1_7' title="bbox 384 1449 1570 1540; baseline 0.004 -22"><span class='ocrx_word' id='word_1_35' title='bbox 384 1449 429 1518; x_wconf 82' lang='lat'>7⁰.</span> <span class='ocrx_word' id='word_1_36' title='bbox 453 1459 654 1520; x_wconf 81' lang='lat' dir='ltr'>recentiores</span> <span class='ocrx_word' id='word_1_37' title='bbox 667 1460 819 1521; x_wconf 87' lang='lat' dir='ltr'>homines</span> <span class='ocrx_word' id='word_1_38' title='bbox 831 1462 930 1522; x_wconf 89' lang='lat' dir='ltr'>anxie</span> <span class='ocrx_word' id='word_1_39' title='bbox 942 1461 1163 1538; x_wconf 82' lang='lat' dir='ltr'>quaesivisse,</span> <span class='ocrx_word' id='word_1_40' title='bbox 1185 1462 1242 1536; x_wconf 91' lang='lat' dir='ltr'>qui</span> <span class='ocrx_word' id='word_1_41' title='bbox 1260 1462 1386 1524; x_wconf 80' lang='lat' dir='ltr'>iactum</span> <span class='ocrx_word' id='word_1_42' title='bbox 1406 1464 1510 1540; x_wconf 87' lang='lat' dir='ltr'>esset,</span> <span class='ocrx_word' id='word_1_43' title='bbox 1531 1465 1570 1523; x_wconf 88' lang='lat' dir='ltr'>ut</span> 
     </span>
    </p>

    <p class='ocr_par' dir='ltr' id='par_1_5' title="bbox 456 1571 1568 1864">
     <span class='ocr_line' id='line_1_8' title="bbox 456 1571 1568 1653; baseline 0.005 -23"><span class='ocrx_word' id='word_1_44' title='bbox 456 1571 545 1632; x_wconf 85' lang='lat' dir='ltr'>Aiax</span> <span class='ocrx_word' id='word_1_45' title='bbox 567 1575 637 1632; x_wconf 88' lang='lat' dir='ltr'>tam</span> <span class='ocrx_word' id='word_1_46' title='bbox 662 1573 766 1634; x_wconf 90' lang='lat' dir='ltr'>variis</span> <span class='ocrx_word' id='word_1_47' title='bbox 783 1572 867 1636; x_wconf 90' lang='lat' dir='ltr'>iocis</span> <span class='ocrx_word' id='word_1_48' title='bbox 884 1574 1048 1636; x_wconf 82' lang='lat' dir='ltr'>diceretur</span> <span class='ocrx_word' id='word_1_49' title='bbox 1066 1572 1197 1653; x_wconf 70' lang='grc' dir='ltr'><strong><em>ἄτρωτος</em></strong></span> <span class='ocrx_word' id='word_1_50' title='bbox 1215 1575 1330 1639; x_wconf 88' lang='lat' dir='ltr'>fuisse.</span> <span class='ocrx_word' id='word_1_51' title='bbox 1350 1576 1434 1636; x_wconf 77' lang='lat' dir='ltr'>&#39;l&#39;um</span> <span class='ocrx_word' id='word_1_52' title='bbox 1453 1578 1568 1636; x_wconf 89' lang='lat' dir='ltr'>natam</span> 
     </span>
     <span class='ocr_line' id='line_1_9' title="bbox 459 1685 1568 1766; baseline 0.003 -20"><span class='ocrx_word' id='word_1_53' title='bbox 459 1700 534 1746; x_wconf 83' lang='lat' dir='ltr'>esse</span> <span class='ocrx_word' id='word_1_54' title='bbox 553 1685 646 1748; x_wconf 87' lang='lat' dir='ltr'>illam</span> <span class='ocrx_word' id='word_1_55' title='bbox 667 1687 938 1766; x_wconf 82' lang='lat' dir='ltr'>explicationem,</span> <span class='ocrx_word' id='word_1_56' title='bbox 958 1704 1058 1763; x_wconf 88' lang='lat' dir='ltr'>quam</span> <span class='ocrx_word' id='word_1_57' title='bbox 1078 1689 1118 1749; x_wconf 89' lang='lat' dir='ltr'>de</span> <span class='ocrx_word' id='word_1_58' title='bbox 1136 1688 1221 1765; x_wconf 92' lang='lat' dir='ltr'>pelle</span> <span class='ocrx_word' id='word_1_59' title='bbox 1233 1689 1478 1763; x_wconf 89' lang='lat' dir='ltr'>leoninadeque</span> <span class='ocrx_word' id='word_1_60' title='bbox 1490 1689 1568 1764; x_wconf 86' lang='lat' dir='ltr'>pha·</span> 
     </span>
     <span class='ocr_line' id='line_1_10' title="bbox 456 1799 917 1864; baseline 0.015 -7"><span class='ocrx_word' id='word_1_61' title='bbox 456 1799 545 1860; x_wconf 88' lang='lat' dir='ltr'>retra</span> <span class='ocrx_word' id='word_1_62' title='bbox 567 1803 917 1864; x_wconf 83' lang='lat' dir='ltr'>commemoravimus.</span> 
     </span>
    </p>

    <p class='ocr_par' dir='ltr' id='par_1_6' title="bbox 339 1912 1571 2443">
     <span class='ocr_line' id='line_1_11' title="bbox 385 1912 1568 1990; baseline 0.004 -20"><span class='ocrx_word' id='word_1_63' title='bbox 385 1912 516 1972; x_wconf 85' lang='lat' dir='ltr'>Putarit</span> <span class='ocrx_word' id='word_1_64' title='bbox 545 1913 688 1976; x_wconf 76' lang='lat' dir='ltr'>tortasse</span> <span class='ocrx_word' id='word_1_65' title='bbox 711 1916 830 1990; x_wconf 89' lang='lat' dir='ltr'>aliquis</span> <span class='ocrx_word' id='word_1_66' title='bbox 853 1920 960 1977; x_wconf 88' lang='lat' dir='ltr'>totam</span> <span class='ocrx_word' id='word_1_67' title='bbox 984 1918 1131 1979; x_wconf 84' lang='lat' dir='ltr'>{atulam</span> <span class='ocrx_word' id='word_1_68' title='bbox 1156 1921 1270 1978; x_wconf 91' lang='lat' dir='ltr'>natam</span> <span class='ocrx_word' id='word_1_69' title='bbox 1295 1932 1369 1978; x_wconf 90' lang='lat' dir='ltr'>esse</span> <span class='ocrx_word' id='word_1_70' title='bbox 1392 1933 1411 1977; x_wconf 87' lang='lat' dir='ltr'>e</span> <span class='ocrx_word' id='word_1_71' title='bbox 1438 1919 1472 1975; x_wconf 84' lang='grc' dir='ltr'>Ψ</span> <span class='ocrx_word' id='word_1_72' title='bbox 1492 1917 1568 1976; x_wconf 83' lang='lat'><strong>821.</strong></span> 
     </span>
     <span class='ocr_line' id='line_1_12' title="bbox 341 2025 1567 2108; baseline 0.003 -23"><span class='ocrx_word' id='word_1_73' title='bbox 341 2025 411 2087; x_wconf 90' lang='lat' dir='ltr'>Hoc</span> <span class='ocrx_word' id='word_1_74' title='bbox 437 2044 513 2089; x_wconf 83' lang='lat' dir='ltr'>vero</span> <span class='ocrx_word' id='word_1_75' title='bbox 537 2028 634 2089; x_wconf 92' lang='lat' dir='ltr'>modo</span> <span class='ocrx_word' id='word_1_76' title='bbox 658 2044 723 2090; x_wconf 92' lang='lat' dir='ltr'>non</span> <span class='ocrx_word' id='word_1_77' title='bbox 747 2030 942 2107; x_wconf 86' lang='lat' dir='ltr'>explicatur,</span> <span class='ocrx_word' id='word_1_78' title='bbox 970 2047 1028 2092; x_wconf 92' lang='lat' dir='ltr'>cur</span> <span class='ocrx_word' id='word_1_79' title='bbox 1050 2032 1361 2108; x_wconf 76' lang='lat' dir='ltr'>merint&#39;homines,</span> <span class='ocrx_word' id='word_1_80' title='bbox 1386 2031 1442 2104; x_wconf 91' lang='lat' dir='ltr'>qui</span> <span class='ocrx_word' id='word_1_81' title='bbox 1465 2029 1567 2090; x_wconf 89' lang='lat' dir='ltr'>alium</span> 
     </span>
     <span class='ocr_line' id='line_1_13' title="bbox 339 2139 1568 2221; baseline 0.003 -22"><span class='ocrx_word' id='word_1_82' title='bbox 339 2139 433 2201; x_wconf 79' lang='grc' dir='ltr'><strong><em>τόπον</em></strong></span> <span class='ocrx_word' id='word_1_83' title='bbox 464 2140 575 2219; x_wconf 70' lang='lat' dir='ltr'>sporta</span> <span class='ocrx_word' id='word_1_84' title='bbox 598 2145 730 2216; x_wconf 89' lang='lat' dir='ltr'>praeter</span> <span class='ocrx_word' id='word_1_85' title='bbox 753 2144 901 2205; x_wconf 86' lang='lat' dir='ltr'>cervices</span> <span class='ocrx_word' id='word_1_86' title='bbox 923 2146 1132 2221; x_wconf 85' lang='lat' dir='ltr'>quaererent,</span> <span class='ocrx_word' id='word_1_87' title='bbox 1156 2145 1211 2219; x_wconf 91' lang='lat' dir='ltr'>qui</span> <span class='ocrx_word' id='word_1_88' title='bbox 1234 2146 1274 2205; x_wconf 87' lang='lat' dir='ltr'>de</span> <span class='ocrx_word' id='word_1_89' title='bbox 1296 2144 1363 2220; x_wconf 89' lang='lat' dir='ltr'>ala,</span> <span class='ocrx_word' id='word_1_90' title='bbox 1388 2143 1568 2218; x_wconf 84' lang='lat' dir='ltr'>delatore,</span> 
     </span>
     <span class='ocr_line' id='line_1_14' title="bbox 340 2253 1571 2334; baseline 0.002 -22"><span class='ocrx_word' id='word_1_91' title='bbox 340 2253 579 2317; x_wconf 81' lang='lat' dir='ltr'>fabularentur.</span> <span class='ocrx_word' id='word_1_92' title='bbox 610 2256 696 2317; x_wconf 92' lang='lat' dir='ltr'>Loco</span> <span class='ocrx_word' id='word_1_93' title='bbox 727 2258 816 2318; x_wconf 89' lang='lat' dir='ltr'>enim</span> <span class='ocrx_word' id='word_1_94' title='bbox 844 2258 949 2320; x_wconf 83' lang='lat' dir='ltr'>semel</span> <span class='ocrx_word' id='word_1_95' title='bbox 972 2258 1013 2318; x_wconf 88' lang='lat' dir='ltr'>ab</span> <span class='ocrx_word' id='word_1_96' title='bbox 1036 2259 1181 2320; x_wconf 88' lang='lat' dir='ltr'>Homero</span> <span class='ocrx_word' id='word_1_97' title='bbox 1204 2259 1364 2334; x_wconf 88' lang='lat' dir='ltr'>indicato,</span> <span class='ocrx_word' id='word_1_98' title='bbox 1388 2255 1466 2332; x_wconf 90' lang='lat' dir='ltr'>quid</span> <span class='ocrx_word' id='word_1_99' title='bbox 1488 2271 1571 2331; x_wconf 88' lang='lat' dir='ltr'>opus</span> 
     </span>
     <span class='ocr_line' id='line_1_15' title="bbox 346 2367 752 2443; baseline 0.007 -15"><span class='ocrx_word' id='word_1_100' title='bbox 346 2368 419 2429; x_wconf 86' lang='lat' dir='ltr'>erat</span> <span class='ocrx_word' id='word_1_101' title='bbox 442 2367 545 2430; x_wconf 89' lang='lat' dir='ltr'>alium</span> <span class='ocrx_word' id='word_1_102' title='bbox 570 2372 752 2443; x_wconf 87' lang='lat' dir='ltr'>quaerere?</span> 
     </span>
    </p>

    <p class='ocr_par' dir='ltr' id='par_1_7' title="bbox 344 2476 1570 2803">
     <span class='ocr_line' id='line_1_16' title="bbox 389 2476 1569 2569; baseline 0 -27"><span class='ocrx_word' id='word_1_103' title='bbox 389 2480 605 2544; x_wconf 80' lang='lat' dir='ltr'>Conferamus</span> <span class='ocrx_word' id='word_1_104' title='bbox 640 2500 723 2558; x_wconf 88' lang='lat' dir='ltr'>quae</span> <span class='ocrx_word' id='word_1_105' title='bbox 756 2487 797 2546; x_wconf 92' lang='lat' dir='ltr'>de</span> <span class='ocrx_word' id='word_1_106' title='bbox 831 2486 973 2549; x_wconf 89' lang='lat' dir='ltr'>Achillis</span> <span class='ocrx_word' id='word_1_107' title='bbox 1007 2483 1138 2569; x_wconf 72' lang='grc' dir='ltr'><strong><em>ἀπραιλᾳ</em></strong></span> <span class='ocrx_word' id='word_1_108' title='bbox 1169 2476 1261 2547; x_wconf 81' lang='lat' dir='ltr'>nota</span> <span class='ocrx_word' id='word_1_109' title='bbox 1279 2483 1451 2546; x_wconf 87' lang='lat' dir='ltr'>habemus.</span> <span class='ocrx_word' id='word_1_110' title='bbox 1474 2484 1569 2544; x_wconf 89' lang='lat' dir='ltr'>Hanc</span> 
     </span>
     <span class='ocr_line' id='line_1_17' title="bbox 344 2595 1568 2675; baseline 0 -19"><span class='ocrx_word' id='word_1_111' title='bbox 344 2595 491 2658; x_wconf 81' lang='lat' dir='ltr'>tabulam</span> <span class='ocrx_word' id='word_1_112' title='bbox 515 2598 619 2658; x_wconf 90' lang='lat' dir='ltr'>serior</span> <span class='ocrx_word' id='word_1_113' title='bbox 641 2598 776 2660; x_wconf 92' lang='lat' dir='ltr'>demum</span> <span class='ocrx_word' id='word_1_114' title='bbox 799 2603 894 2661; x_wconf 84' lang='lat' dir='ltr'>aetas</span> <span class='ocrx_word' id='word_1_115' title='bbox 917 2601 1041 2675; x_wconf 88' lang='lat' dir='ltr'>scripto</span> <span class='ocrx_word' id='word_1_116' title='bbox 1064 2600 1248 2661; x_wconf 81' lang='lat' dir='ltr'>mandavit.</span> <span class='ocrx_word' id='word_1_117' title='bbox 1272 2599 1374 2659; x_wconf 88' lang='lat' dir='ltr'>Poeta</span> <span class='ocrx_word' id='word_1_118' title='bbox 1391 2597 1482 2658; x_wconf 91' lang='lat' dir='ltr'>enim</span> <span class='ocrx_word' id='word_1_119' title='bbox 1501 2611 1568 2656; x_wconf 90' lang='lat' dir='ltr'>car·</span> 
     </span>
     <span class='ocr_line' id='line_1_18' title="bbox 346 2709 1570 2803; baseline 0 -35"><span class='ocrx_word' id='word_1_120' title='bbox 346 2709 447 2769; x_wconf 90' lang='lat' dir='ltr'>minis</span> <span class='ocrx_word' id='word_1_121' title='bbox 487 2709 571 2785; x_wconf 86' lang='lat' dir='ltr'>epici</span> <span class='ocrx_word' id='word_1_122' title='bbox 608 2711 751 2787; x_wconf 81' lang='lat' dir='ltr'>Aegimii</span> <span class='ocrx_word' id='word_1_123' title='bbox 789 2745 823 2754; x_wconf 90' lang='lat'>-</span> <span class='ocrx_word' id='word_1_124' title='bbox 861 2715 967 2775; x_wconf 84' lang='lat' dir='ltr'>fuisse</span> <span class='ocrx_word' id='word_1_125' title='bbox 1000 2715 1121 2789; x_wconf 85' lang='lat' dir='ltr'>putant</span> <span class='ocrx_word' id='word_1_126' title='bbox 1155 2712 1330 2788; x_wconf 82' lang='lat' dir='ltr'>cercopem</span> <span class='ocrx_word' id='word_1_127' title='bbox 1366 2709 1570 2803; x_wconf 86' lang='lat' dir='ltr'>Onomacriti</span> 
     </span>
    </p>
   </div>
   <div class='ocr_carea' id='block_1_3' title="bbox 345 2811 1568 3021">
    <p class='ocr_par' dir='ltr' id='par_1_8' title="bbox 345 2811 1568 3021">
     <span class='ocr_line' id='line_1_19' title="bbox 345 2811 1568 2909; baseline -0.002 -27"><span class='ocrx_word' id='word_1_128' title='bbox 345 2822 519 2896; x_wconf 79' lang='lat' dir='ltr'>aequalem</span> <span class='ocrx_word' id='word_1_129' title='bbox 543 2857 582 2864; x_wconf 95' lang='lat'>-</span> <span class='ocrx_word' id='word_1_130' title='bbox 603 2821 636 2883; x_wconf 77' lang='grc' dir='ltr'>έν</span> <span class='ocrx_word' id='word_1_131' title='bbox 656 2822 783 2909; x_wconf 79' lang='grc' dir='ltr'><strong><em>δευτέρῳ</em></strong></span> <span class='ocrx_word' id='word_1_132' title='bbox 804 2824 911 2904; x_wconf 77' lang='grc' dir='ltr'><strong><em>φησὶν,</em></strong></span> <span class='ocrx_word' id='word_1_133' title='bbox 930 2811 1013 2903; x_wconf 64' lang='lat' dir='ltr'>dccc}</span> <span class='ocrx_word' id='word_1_134' title='bbox 1037 2825 1120 2898; x_wconf 80' lang='grc' dir='ltr'><strong><em>Θέτις</em></strong></span> <span class='ocrx_word' id='word_1_135' title='bbox 1140 2825 1181 2898; x_wconf 80' lang='grc' dir='ltr'>εἰς</span> <span class='ocrx_word' id='word_1_136' title='bbox 1200 2824 1309 2904; x_wconf 81' lang='grc' dir='ltr'><strong><em>λέβητα</em></strong></span> <span class='ocrx_word' id='word_1_137' title='bbox 1322 2824 1432 2893; x_wconf 73' lang='grc' dir='ltr'><strong><em>ὕδατος</em></strong></span> <span class='ocrx_word' id='word_1_138' title='bbox 1444 2821 1568 2899; x_wconf 77' lang='grc' dir='ltr'><strong><em>ἔβαλλεν</em></strong></span> 
     </span>
     <span class='ocr_line' id='line_1_20' title="bbox 346 2935 1568 3021; baseline -0.002 -26"><span class='ocrx_word' id='word_1_139' title='bbox 346 2936 416 3008; x_wconf 80' lang='grc' dir='ltr'><strong><em>τοὺς</em></strong></span> <span class='ocrx_word' id='word_1_140' title='bbox 450 2935 482 2996; x_wconf 81' lang='grc' dir='ltr'>έν</span> <span class='ocrx_word' id='word_1_141' title='bbox 518 2936 642 3015; x_wconf 77' lang='grc' dir='ltr'><strong><em>Πηλέως</em></strong></span> <span class='ocrx_word' id='word_1_142' title='bbox 675 2940 883 3019; x_wconf 76' lang='grc' dir='ltr'><strong><em>γεννωμένους</em></strong></span> <span class='ocrx_word' id='word_1_143' title='bbox 917 2950 1032 3021; x_wconf 78' lang='grc' dir='ltr'><strong><em>γνῶναι</em></strong></span> <span class='ocrx_word' id='word_1_144' title='bbox 1067 2938 1248 3021; x_wconf 74' lang='grc' dir='ltr'><strong><em>βουλομένη,</em></strong></span> <span class='ocrx_word' id='word_1_145' title='bbox 1280 2938 1306 2998; x_wconf 76' lang='grc' dir='ltr'>εἰ</span> <span class='ocrx_word' id='word_1_146' title='bbox 1339 2937 1452 3015; x_wconf 80' lang='grc' dir='ltr'><strong><em>θνητοί</em></strong></span> <span class='ocrx_word' id='word_1_147' title='bbox 1480 2935 1568 2995; x_wconf 79' lang='grc' dir='ltr'><strong><em>εἰσιν·</em></strong></span> 
     </span>
    </p>
   </div>
   <div class='ocr_carea' id='block_1_4' title="bbox 344 3047 1628 4847">
    <p class='ocr_par' dir='ltr' id='par_1_9' title="bbox 344 3047 1628 3936">
     <span class='ocr_line' id='line_1_21' title="bbox 345 3047 1628 3133; baseline -0.004 -22"><span class='ocrx_word' id='word_1_148' title='bbox 345 3048 439 3130; x_wconf 73' lang='grc' dir='ltr'><strong><em>ἕτερον</em></strong></span> <span class='ocrx_word' id='word_1_149' title='bbox 462 3048 496 3112; x_wconf 77' lang='grc' dir='ltr'>δὲ</span> <span class='ocrx_word' id='word_1_150' title='bbox 517 3051 559 3124; x_wconf 81' lang='grc' dir='ltr'>εἰς</span> <span class='ocrx_word' id='word_1_151' title='bbox 581 3061 658 3133; x_wconf 79' lang='grc' dir='ltr'><strong><em>πῦρ,</em></strong></span> <span class='ocrx_word' id='word_1_152' title='bbox 680 3050 721 3125; x_wconf 81' lang='grc' dir='ltr'>ὡς</span> <span class='ocrx_word' id='word_1_153' title='bbox 741 3055 936 3128; x_wconf 77' lang='grc' dir='ltr'><strong><em>Ἀπολλώνιός</em></strong></span> <span class='ocrx_word' id='word_1_154' title='bbox 959 3073 1044 3133; x_wconf 84' lang='grc' dir='ltr'><strong><em>φησι·</em></strong></span> <span class='ocrx_word' id='word_1_155' title='bbox 1066 3053 1117 3116; x_wconf 82' lang='grc' dir='ltr'><strong><em>καὶ</em></strong></span> <span class='ocrx_word' id='word_1_156' title='bbox 1137 3053 1174 3132; x_wconf 78' lang='grc' dir='ltr'>δὴ</span> <span class='ocrx_word' id='word_1_157' title='bbox 1194 3057 1314 3115; x_wconf 78' lang='grc' dir='ltr'><strong><em>πολλῶν</em></strong></span> <span class='ocrx_word' id='word_1_158' title='bbox 1333 3047 1568 3128; x_wconf 78' lang='grc' dir='ltr'><strong><em>διαφθαρέντων</em></strong></span> <span class='ocrx_word' id='word_1_159' title='bbox 1624 3089 1628 3094; x_wconf 85' lang='lat'><em>-</em></span> 
     </span>
     <span class='ocr_line' id='line_1_22' title="bbox 346 3159 1569 3247; baseline 0.007 -23"><span class='ocrx_word' id='word_1_160' title='bbox 346 3163 552 3244; x_wconf 79' lang='grc' dir='ltr'><strong><em>ἀγανακτῆσαι</em></strong></span> <span class='ocrx_word' id='word_1_161' title='bbox 587 3165 639 3228; x_wconf 80' lang='grc' dir='ltr'>τὸν</span> <span class='ocrx_word' id='word_1_162' title='bbox 675 3167 777 3246; x_wconf 86' lang='grc' dir='ltr'><strong><em>Πηλέα</em></strong></span> <span class='ocrx_word' id='word_1_163' title='bbox 813 3168 861 3230; x_wconf 72' lang='grc' dir='ltr'><strong><em>καὶ</em></strong></span> <span class='ocrx_word' id='word_1_164' title='bbox 897 3174 1029 3230; x_wconf 72' lang='grc' dir='ltr'><strong><em>κωλῦσαι</em></strong></span> <span class='ocrx_word' id='word_1_165' title='bbox 1065 3168 1118 3230; x_wconf 80' lang='grc' dir='ltr'>τὸν</span> <span class='ocrx_word' id='word_1_166' title='bbox 1149 3165 1276 3247; x_wconf 78' lang='grc' dir='ltr'><strong><em>Ἀχιλλέα</em></strong></span> <span class='ocrx_word' id='word_1_167' title='bbox 1307 3164 1499 3244; x_wconf 79' lang='grc' dir='ltr'><strong><em>έμβληθῆναι</em></strong></span> <span class='ocrx_word' id='word_1_168' title='bbox 1527 3159 1569 3232; x_wconf 68' lang='grc' dir='ltr'>εἷς</span> 
     </span>
     <span class='ocr_line' id='line_1_23' title="bbox 344 3275 1570 3358; baseline 0.005 -19"><span class='ocrx_word' id='word_1_169' title='bbox 344 3277 462 3358; x_wconf 72' lang='grc' dir='ltr'><strong><em>λέβητα.</em></strong></span> <span class='ocrx_word' id='word_1_170' title='bbox 476 3280 671 3356; x_wconf 88' lang='lat' dir='ltr'>Apollonius</span> <span class='ocrx_word' id='word_1_171' title='bbox 683 3284 797 3344; x_wconf 92' lang='lat' dir='ltr'>autem</span> <span class='ocrx_word' id='word_1_172' title='bbox 809 3283 958 3345; x_wconf 88' lang='lat' dir='ltr'>Rhodius</span> <span class='ocrx_word' id='word_1_173' title='bbox 976 3284 1021 3345; x_wconf 88' lang='lat' dir='ltr'>IV</span> <span class='ocrx_word' id='word_1_174' title='bbox 1040 3285 1105 3346; x_wconf 85' lang='lat'>869</span> <span class='ocrx_word' id='word_1_175' title='bbox 1126 3283 1178 3354; x_wconf 83' lang='lat' dir='ltr'>(ci.</span> <span class='ocrx_word' id='word_1_176' title='bbox 1200 3275 1570 3358; x_wconf 82' lang='lat' dir='ltr'>[Apollod].lH,18,6l</span> 
     </span>
     <span class='ocr_line' id='line_1_24' title="bbox 346 3385 1569 3470; baseline -0.002 -15"><span class='ocrx_word' id='word_1_177' title='bbox 346 3394 440 3455; x_wconf 91' lang='lat' dir='ltr'>docet</span> <span class='ocrx_word' id='word_1_178' title='bbox 462 3385 637 3456; x_wconf 79' lang='lat' dir='ltr'>Thetidem</span> <span class='ocrx_word' id='word_1_179' title='bbox 661 3411 726 3458; x_wconf 93' lang='lat' dir='ltr'>non</span> <span class='ocrx_word' id='word_1_180' title='bbox 749 3398 836 3458; x_wconf 90' lang='lat' dir='ltr'>hanc</span> <span class='ocrx_word' id='word_1_181' title='bbox 857 3398 898 3458; x_wconf 92' lang='lat' dir='ltr'>ob</span> <span class='ocrx_word' id='word_1_182' title='bbox 921 3413 1056 3460; x_wconf 87' lang='lat' dir='ltr'>causam</span> <span class='ocrx_word' id='word_1_183' title='bbox 1081 3397 1243 3458; x_wconf 85' lang='lat' dir='ltr'>Achillem</span> <span class='ocrx_word' id='word_1_184' title='bbox 1264 3396 1297 3456; x_wconf 93' lang='lat' dir='ltr'>in</span> <span class='ocrx_word' id='word_1_185' title='bbox 1317 3395 1429 3470; x_wconf 77' lang='lat' dir='ltr'>ignem</span> <span class='ocrx_word' id='word_1_186' title='bbox 1441 3392 1569 3466; x_wconf 87' lang='lat' dir='ltr'>iecisse,</span> 
     </span>
     <span class='ocr_line' id='line_1_25' title="bbox 346 3508 1572 3589; baseline -0.002 -22"><span class='ocrx_word' id='word_1_187' title='bbox 346 3508 432 3580; x_wconf 89' lang='lat' dir='ltr'>quod</span> <span class='ocrx_word' id='word_1_188' title='bbox 451 3509 634 3583; x_wconf 89' lang='lat' dir='ltr'>periculum</span> <span class='ocrx_word' id='word_1_189' title='bbox 653 3511 761 3573; x_wconf 83' lang='lat' dir='ltr'>{acere</span> <span class='ocrx_word' id='word_1_190' title='bbox 785 3513 900 3589; x_wconf 90' lang='lat' dir='ltr'>vellet,</span> <span class='ocrx_word' id='word_1_191' title='bbox 926 3517 1040 3575; x_wconf 88' lang='lat' dir='ltr'>utrum</span> <span class='ocrx_word' id='word_1_192' title='bbox 1063 3511 1217 3574; x_wconf 86' lang='lat' dir='ltr'>mortalis</span> <span class='ocrx_word' id='word_1_193' title='bbox 1239 3509 1330 3572; x_wconf 88' lang='lat' dir='ltr'>esset</span> <span class='ocrx_word' id='word_1_194' title='bbox 1351 3522 1431 3583; x_wconf 89' lang='lat' dir='ltr'>puer</span> <span class='ocrx_word' id='word_1_195' title='bbox 1454 3519 1572 3580; x_wconf 87' lang='lat' dir='ltr'>necne,</span> 
     </span>
     <span class='ocr_line' id='line_1_26' title="bbox 346 3621 1007 3689; baseline 0.012 -8"><span class='ocrx_word' id='word_1_196' title='bbox 346 3621 405 3682; x_wconf 87' lang='lat' dir='ltr'>sed</span> <span class='ocrx_word' id='word_1_197' title='bbox 428 3624 464 3683; x_wconf 88' lang='lat' dir='ltr'>ut</span> <span class='ocrx_word' id='word_1_198' title='bbox 487 3623 712 3687; x_wconf 85' lang='lat' dir='ltr'>immortalem</span> <span class='ocrx_word' id='word_1_199' title='bbox 737 3641 814 3687; x_wconf 93' lang='lat' dir='ltr'>eum</span> <span class='ocrx_word' id='word_1_200' title='bbox 838 3628 1007 3689; x_wconf 85' lang='lat' dir='ltr'>redderet:</span> 
     </span>
     <span class='ocr_line' id='line_1_27' title="bbox 1171 3734 1393 3816; baseline -0.023 -18"><span class='ocrx_word' id='word_1_201' title='bbox 1171 3735 1253 3816; x_wconf 74' lang='grc' dir='ltr'><strong><em>ὄφρα</em></strong></span> <span class='ocrx_word' id='word_1_202' title='bbox 1275 3734 1393 3797; x_wconf 77' lang='grc' dir='ltr'><strong><em>πέλοιτο</em></strong></span> 
     </span>
     <span class='ocr_line' id='line_1_28' title="bbox 570 3849 1387 3936; baseline -0.005 -24"><span class='ocrx_word' id='word_1_203' title='bbox 570 3849 739 3932; x_wconf 78' lang='grc' dir='ltr'><strong><em>ἀθάνατος,</em></strong></span> <span class='ocrx_word' id='word_1_204' title='bbox 760 3855 814 3914; x_wconf 84' lang='grc' dir='ltr'><strong><em>ιιαέ</em></strong></span> <span class='ocrx_word' id='word_1_205' title='bbox 836 3855 868 3915; x_wconf 83' lang='grc' dir='ltr'>οἱ</span> <span class='ocrx_word' id='word_1_206' title='bbox 888 3853 1030 3936; x_wconf 74' lang='grc' dir='ltr'><strong><em>στυγερὸν</em></strong></span> <span class='ocrx_word' id='word_1_207' title='bbox 1053 3853 1123 3933; x_wconf 79' lang='grc' dir='ltr'><strong><em>χροῒ</em></strong></span> <span class='ocrx_word' id='word_1_208' title='bbox 1140 3861 1235 3932; x_wconf 75' lang='grc' dir='ltr'><strong><em>γῆρας</em></strong></span> <span class='ocrx_word' id='word_1_209' title='bbox 1254 3849 1387 3911; x_wconf 82' lang='grc' dir='ltr'><strong><em>ἀλάλκοι.</em></strong></span> 
     </span>
    </p>

    <p class='ocr_par' dir='ltr' id='par_1_10' title="bbox 344 3961 1573 4728">
     <span class='ocr_line' id='line_1_29' title="bbox 390 3961 1571 4046; baseline -0.008 -17"><span class='ocrx_word' id='word_1_210' title='bbox 390 3966 509 4030; x_wconf 88' lang='lat' dir='ltr'>Postea</span> <span class='ocrx_word' id='word_1_211' title='bbox 537 3970 711 4046; x_wconf 89' lang='lat' dir='ltr'>venerunt,</span> <span class='ocrx_word' id='word_1_212' title='bbox 743 3971 800 4043; x_wconf 92' lang='lat' dir='ltr'>qui</span> <span class='ocrx_word' id='word_1_213' title='bbox 829 3970 970 4031; x_wconf 91' lang='lat' dir='ltr'>Achillis</span> <span class='ocrx_word' id='word_1_214' title='bbox 992 3970 1099 4033; x_wconf 90' lang='lat' dir='ltr'>talum</span> <span class='ocrx_word' id='word_1_215' title='bbox 1123 3968 1326 4043; x_wconf 84' lang='lat' dir='ltr'>exciperent,</span> <span class='ocrx_word' id='word_1_216' title='bbox 1351 3963 1418 4025; x_wconf 88' lang='lat' dir='ltr'>seri</span> <span class='ocrx_word' id='word_1_217' title='bbox 1439 3961 1571 4036; x_wconf 90' lang='lat' dir='ltr'>quidem</span> 
     </span>
     <span class='ocr_line' id='line_1_30' title="bbox 347 4069 1573 4162; baseline -0.007 -20"><span class='ocrx_word' id='word_1_218' title='bbox 347 4084 514 4159; x_wconf 88' lang='lat' dir='ltr'>auctores,</span> <span class='ocrx_word' id='word_1_219' title='bbox 546 4086 627 4158; x_wconf 90' lang='lat' dir='ltr'>puta</span> <span class='ocrx_word' id='word_1_220' title='bbox 656 4069 796 4162; x_wconf 84' lang='lat' dir='ltr'>Statius,</span> <span class='ocrx_word' id='word_1_221' title='bbox 821 4086 879 4145; x_wconf 91' lang='lat' dir='ltr'>sed</span> <span class='ocrx_word' id='word_1_222' title='bbox 903 4085 1050 4146; x_wconf 73' lang='lat' dir='ltr'>fabulam</span> <span class='ocrx_word' id='word_1_223' title='bbox 1074 4082 1181 4144; x_wconf 87' lang='lat' dir='ltr'>multo</span> <span class='ocrx_word' id='word_1_224' title='bbox 1205 4084 1283 4143; x_wconf 85' lang='lat' dir='ltr'>ante</span> <span class='ocrx_word' id='word_1_225' title='bbox 1306 4079 1478 4142; x_wconf 87' lang='lat' dir='ltr'>exstitisse</span> <span class='ocrx_word' id='word_1_226' title='bbox 1500 4077 1573 4137; x_wconf 89' lang='lat' dir='ltr'>tute</span> 
     </span>
     <span class='ocr_line' id='line_1_31' title="bbox 345 4187 1570 4273; baseline -0.006 -16"><span class='ocrx_word' id='word_1_227' title='bbox 345 4197 513 4257; x_wconf 89' lang='lat' dir='ltr'>statueris.</span> <span class='ocrx_word' id='word_1_228' title='bbox 536 4197 648 4270; x_wconf 87' lang='lat' dir='ltr'>Neque</span> <span class='ocrx_word' id='word_1_229' title='bbox 672 4197 853 4258; x_wconf 88' lang='lat' dir='ltr'>Homerum</span> <span class='ocrx_word' id='word_1_230' title='bbox 878 4214 936 4273; x_wconf 89' lang='lat' dir='ltr'>pro</span> <span class='ocrx_word' id='word_1_231' title='bbox 960 4198 1063 4258; x_wconf 90' lang='lat' dir='ltr'>nihilo</span> <span class='ocrx_word' id='word_1_232' title='bbox 1086 4197 1189 4259; x_wconf 87' lang='lat' dir='ltr'>fuisse</span> <span class='ocrx_word' id='word_1_233' title='bbox 1212 4198 1246 4257; x_wconf 92' lang='lat' dir='ltr'>in</span> <span class='ocrx_word' id='word_1_234' title='bbox 1270 4195 1332 4255; x_wconf 85' lang='lat' dir='ltr'>hac</span> <span class='ocrx_word' id='word_1_235' title='bbox 1351 4191 1464 4254; x_wconf 85' lang='lat' dir='ltr'>fabula</span> <span class='ocrx_word' id='word_1_236' title='bbox 1482 4187 1570 4251; x_wconf 85' lang='lat' dir='ltr'>effin-</span> 
     </span>
     <span class='ocr_line' id='line_1_32' title="bbox 347 4305 1569 4386; baseline -0.005 -16"><span class='ocrx_word' id='word_1_237' title='bbox 347 4311 453 4385; x_wconf 81' lang='lat' dir='ltr'>genda</span> <span class='ocrx_word' id='word_1_238' title='bbox 477 4310 661 4372; x_wconf 86' lang='lat' dir='ltr'>credideris.</span> <span class='ocrx_word' id='word_1_239' title='bbox 686 4312 767 4386; x_wconf 80' lang='lat' dir='ltr'>Quid</span> <span class='ocrx_word' id='word_1_240' title='bbox 791 4313 878 4372; x_wconf 90' lang='lat' dir='ltr'>enim</span> <span class='ocrx_word' id='word_1_241' title='bbox 900 4310 1128 4386; x_wconf 88' lang='lat' dir='ltr'>verisimilius,</span> <span class='ocrx_word' id='word_1_242' title='bbox 1149 4325 1249 4383; x_wconf 92' lang='lat' dir='ltr'>quam</span> <span class='ocrx_word' id='word_1_243' title='bbox 1269 4307 1432 4370; x_wconf 91' lang='lat' dir='ltr'>Achillem</span> <span class='ocrx_word' id='word_1_244' title='bbox 1454 4305 1569 4366; x_wconf 90' lang='lat' dir='ltr'>eodem</span> 
     </span>
     <span class='ocr_line' id='line_1_33' title="bbox 346 4420 1569 4514; baseline -0.006 -29"><span class='ocrx_word' id='word_1_245' title='bbox 346 4427 490 4500; x_wconf 87' lang='lat' dir='ltr'>corporis</span> <span class='ocrx_word' id='word_1_246' title='bbox 513 4426 599 4499; x_wconf 89' lang='lat' dir='ltr'>loco,</span> <span class='ocrx_word' id='word_1_247' title='bbox 623 4441 687 4500; x_wconf 90' lang='lat' dir='ltr'>quo</span> <span class='ocrx_word' id='word_1_248' title='bbox 706 4425 851 4486; x_wconf 87' lang='lat' dir='ltr'>laeserat</span> <span class='ocrx_word' id='word_1_249' title='bbox 867 4426 1044 4485; x_wconf 89' lang='lat' dir='ltr'>Hectorem</span> <span class='ocrx_word' id='word_1_250' title='bbox 1064 4425 1106 4514; x_wconf 81' lang='lat' dir='ltr'>¹(li</span> <span class='ocrx_word' id='word_1_251' title='bbox 1130 4424 1216 4498; x_wconf 83' lang='lat'>896),</span> <span class='ocrx_word' id='word_1_252' title='bbox 1242 4425 1276 4483; x_wconf 87' lang='lat' dir='ltr'>et</span> <span class='ocrx_word' id='word_1_253' title='bbox 1294 4422 1406 4497; x_wconf 89' lang='lat' dir='ltr'>ipsum</span> <span class='ocrx_word' id='word_1_254' title='bbox 1425 4420 1569 4480; x_wconf 90' lang='lat' dir='ltr'>mortem</span> 
     </span>
     <span class='ocr_line' id='line_1_34' title="bbox 344 4533 1570 4617; baseline -0.007 -17"><span class='ocrx_word' id='word_1_255' title='bbox 344 4540 534 4615; x_wconf 86' lang='lat' dir='ltr'>accepisse?</span> <span class='ocrx_word' id='word_1_256' title='bbox 557 4535 703 4617; x_wconf 70' lang='grc' dir='ltr'>’Ἀτροπος</span> <span class='ocrx_word' id='word_1_257' title='bbox 733 4540 835 4613; x_wconf 83' lang='lat' dir='ltr'>igitur</span> <span class='ocrx_word' id='word_1_258' title='bbox 858 4537 1040 4598; x_wconf 87' lang='lat' dir='ltr'>habebatur</span> <span class='ocrx_word' id='word_1_259' title='bbox 1063 4535 1225 4612; x_wconf 90' lang='lat' dir='ltr'>Achilles,</span> <span class='ocrx_word' id='word_1_260' title='bbox 1250 4535 1309 4595; x_wconf 89' lang='lat' dir='ltr'>sed</span> <span class='ocrx_word' id='word_1_261' title='bbox 1332 4535 1410 4610; x_wconf 91' lang='lat' dir='ltr'>quia</span> <span class='ocrx_word' id='word_1_262' title='bbox 1433 4533 1570 4593; x_wconf 88' lang='lat' dir='ltr'>vulnere</span> 
     </span>
     <span class='ocr_line' id='line_1_35' title="bbox 346 4647 1547 4728; baseline -0.006 -14"><span class='ocrx_word' id='word_1_263' title='bbox 346 4653 487 4726; x_wconf 90' lang='lat' dir='ltr'>quodam</span> <span class='ocrx_word' id='word_1_264' title='bbox 512 4656 662 4715; x_wconf 88' lang='lat' dir='ltr'>mortuus</span> <span class='ocrx_word' id='word_1_265' title='bbox 686 4669 761 4716; x_wconf 89' lang='lat' dir='ltr'>esse</span> <span class='ocrx_word' id='word_1_266' title='bbox 784 4653 963 4728; x_wconf 86' lang='lat' dir='ltr'>ferebatur,</span> <span class='ocrx_word' id='word_1_267' title='bbox 987 4650 1202 4726; x_wconf 89' lang='lat' dir='ltr'>excipiendus</span> <span class='ocrx_word' id='word_1_268' title='bbox 1224 4652 1296 4710; x_wconf 88' lang='lat' dir='ltr'>erat</span> <span class='ocrx_word' id='word_1_269' title='bbox 1318 4650 1412 4710; x_wconf 89' lang='lat' dir='ltr'>locus</span> <span class='ocrx_word' id='word_1_270' title='bbox 1435 4647 1547 4721; x_wconf 90' lang='lat' dir='ltr'>aliqui.</span> 
     </span>
    </p>

    <p class='ocr_par' dir='ltr' id='par_1_11' title="bbox 391 4761 1570 4847">
     <span class='ocr_line' id='line_1_36' title="bbox 391 4761 1570 4847; baseline -0.006 -20"><span class='ocrx_word' id='word_1_271' title='bbox 391 4767 517 4829; x_wconf 86' lang='lat' dir='ltr'>Videtis</span> <span class='ocrx_word' id='word_1_272' title='bbox 546 4769 695 4830; x_wconf 82' lang='lat' dir='ltr'>fabulam</span> <span class='ocrx_word' id='word_1_273' title='bbox 726 4769 765 4828; x_wconf 89' lang='lat' dir='ltr'>de</span> <span class='ocrx_word' id='word_1_274' title='bbox 795 4766 908 4827; x_wconf 87' lang='lat' dir='ltr'>Aiacis</span> <span class='ocrx_word' id='word_1_275' title='bbox 937 4763 1068 4847; x_wconf 74' lang='grc' dir='ltr'><strong><em>ἀπρασλᾳ</em></strong></span> <span class='ocrx_word' id='word_1_276' title='bbox 1090 4778 1148 4839; x_wconf 90' lang='lat' dir='ltr'>per</span> <span class='ocrx_word' id='word_1_277' title='bbox 1170 4763 1303 4824; x_wconf 89' lang='lat' dir='ltr'>eosdem</span> <span class='ocrx_word' id='word_1_278' title='bbox 1327 4761 1449 4837; x_wconf 85' lang='lat' dir='ltr'>gradus</span> <span class='ocrx_word' id='word_1_279' title='bbox 1472 4764 1570 4835; x_wconf 90' lang='lat' dir='ltr'>atque</span> 
     </span>
    </p>
   </div>
   <div class='ocr_carea' id='block_1_5' title="bbox 0 0 1767 5692">
    <p class='ocr_par' dir='ltr' id='par_1_12' title="bbox 0 0 1767 5692">
     <span class='ocr_line' id='line_1_37' title="bbox 0 0 1767 5692; baseline 0 0"><span class='ocrx_word' id='word_1_280' title='bbox 0 0 1767 5692; x_wconf 95' lang='lat' dir='ltr'> </span> 
     </span>
    </p>
   </div>
   <div class='ocr_carea' id='block_1_6' title="bbox 1762 0 1763 1406">
    <p class='ocr_par' dir='ltr' id='par_1_13' title="bbox 1762 0 1763 1406">
     <span class='ocr_line' id='line_1_38' title="bbox 1762 0 1763 1406; baseline 0 0"><span class='ocrx_word' id='word_1_281' title='bbox 1762 0 1763 1406; x_wconf 95' lang='lat' dir='ltr'> </span> 
     </span>
    </p>
   </div>
  </div>
 </body>
</html>
