3525 5692
409 692 472 751 144
873 709 916 754 nn
938 709 1163 757 1111111111.

404 892 467 951 que
497 879 622 939 frustra
650 881 821 940 tentatum
853 881 919 956 est,
951 880 1084 956 linguae
1115 896 1252 956 graecae
1279 880 1388 942 deberi
1412 897 1488 942 cum
1510 885 1613 956 negent

404 1007 435 1050 v.
460 991 490 1052 d.
519 991 650 1052 aliunde
672 992 778 1067 repeti
796 1007 863 1053 non
881 995 1046 1055 vetamus.
1066 993 1240 1070 Attamen,
1259 994 1336 1055 licet
1355 994 1481 1069 aliquot
1493 995 1615 1069 vestigia

404 1106 437 1165 in
457 1106 573 1167 Asiam
592 1121 654 1167 nos
672 1106 790 1167 ducere
810 1106 996 1184 videantur,
1016 1107 1094 1168 licet
1110 1107 1247 1170 Homeri
1258 1107 1464 1184 temporibus
1476 1108 1616 1168 mulieres

403 1221 552 1280 armatae
570 1235 610 1280 ex
630 1220 724 1293 equis
741 1223 941 1297 pugnantes,
964 1221 998 1281 in
1017 1221 1162 1297 Phrygia
1180 1221 1306 1282 vixisse
1318 1221 1476 1298 ferantur,
1490 1220 1615 1281 infitian-

403 1334 483 1395 dum
506 1350 572 1395 non
594 1338 647 1396 est
669 1336 858 1397 Amazones
880 1335 969 1412 illas,
995 1350 1077 1409 quas
1101 1352 1144 1397 ex
1163 1336 1333 1411 Hippolyti
1353 1335 1464 1397 fabula
1484 1336 1615 1410 cognitas

402 1447 577 1525 habemus,
603 1448 774 1510 habendas
796 1464 870 1510 esse
894 1450 927 1509 in
951 1465 1090 1510 numero
1114 1451 1288 1510 numinum
1313 1449 1476 1511 cultorum
1498 1449 1615 1509 aGrae·

402 1564 471 1624 1111
493 1564 668 1638 Ioniaeque
687 1564 804 1625 ineolis
822 1565 958 1639 priscis,
978 1564 1095 1625 turbas
1114 1567 1227 1626 autern
1247 1564 1415 1625 fabulosas
1434 1562 1615 1637 quibuscum
1718 1607 1719 1614 ,

403 1678 557 1752 pugnarit
580 1678 733 1738 Priamus
756 1679 881 1739 vixisse
903 1678 937 1738 in
960 1677 1043 1752 ipsis
1066 1678 1308 1754 rhapsodorum
1331 1677 1510 1738 mentibus.

447 1905 582 1965 Minime
616 1905 794 1966 reconditis
828 1907 888 1965 aut
921 1904 1085 1966 abstrusis
1120 1905 1327 1980 argumentis
1361 1904 1557 1980 inducimur,
1587 1905 1618 1962 ut

402 2019 588 2078 Amazones
607 2018 762 2079 Graeciae
780 2018 844 2093 ipsi
856 2018 1074 2080 vindicemus.
1087 2019 1158 2079 Non
1171 2019 1257 2092 quod
1271 2018 1370 2078 variis
1381 2017 1464 2078 locis
1478 2017 1617 2078 Graeciae

402 2131 585 2192 Pausanias
616 2135 651 2192 et
680 2131 879 2192 Plutarchus
911 2132 1055 2194 viderint
1085 2132 1234 2193 tumulos
1263 2133 1429 2208 ingentes,
1454 2131 1509 2191 ubi
1532 2131 1617 2189 Ama-

401 2260 502 2306 zones
523 2245 672 2320 sepultas
692 2244 800 2305 iacere
822 2245 913 2306 fama
936 2246 1050 2322 ferret,
1074 2247 1110 2306 in
1128 2245 1314 2322 Thessalia,
1334 2245 1484 2320 Boeotia,
1505 2245 1619 2318 Attica,

401 2358 636 2434 Peloponneso.
666 2359 829 2419 Theseum
861 2359 993 2433 quidem
1023 2361 1085 2420 hae
1112 2360 1257 2421 feminae
1281 2357 1418 2419 hostiles
1442 2357 1621 2419 ferebantur

402 2487 477 2534 esse
506 2475 650 2549 secutae,
682 2472 740 2533 sed
771 2487 850 2533 vera
880 2472 939 2533 lux
969 2475 1116 2549 perlucet
1145 2474 1179 2532 in
1207 2472 1374 2533 Plutarchi
1396 2472 1474 2533 Vita
1498 2471 1620 2544 Thesei,

402 2586 458 2646 ubi
491 2587 578 2648 inter
608 2587 715 2647 multa
744 2585 895 2646 fabulosa
925 2585 1067 2662 legimus
1098 2587 1200 2649 verba
1230 2588 1327 2647 haec:
1363 2583 1437 2661 ,τὴν
1468 2581 1622 2663 γινομένην

403 2699 496 2758 πάλαι
521 2699 672 2784 θυσίαν
695 2705 760 2773 ταῖς
784 2700 922 2779 Ἀμαζόσι
943 2699 1002 2779 πρὸ
1025 2709 1085 2760 τῶν
1111 2699 1268 2778 Θησείων”
1293 2705 1331 2770 (c.
1357 2694 1420 2777 27).

446 2813 525 2873 11111
558 2814 658 2890 igitur
687 2816 829 2876 Athenis
859 2830 993 2876 sacrum
1024 2814 1174 2876 solemne
1204 2814 1246 2874 ad
1274 2813 1462 2873 Amazones
1494 2811 1624 2871 hostiles

402 2926 581 3001 placandas
614 2929 818 2990 institutum.
853 2929 971 2990 Nullus
1005 2931 1119 2989 autem
1153 2928 1306 3003 populus,
1340 2927 1433 2986 cuius
1463 2925 1624 3000 regionem

401 3041 498 3101 turba
527 3042 731 3117 praedonum
762 3043 939 3117 aliquando
969 3043 1125 3104 infestam
1157 3040 1309 3116 reddidit,
1341 3039 1541 3101 sacrificium
1575 3055 1624 3099 an·

402 3170 504 3215 nuum
547 3156 635 3217 hunc
676 3156 717 3216 ob
752 3157 884 3217 hostem
918 3172 977 3232 per
1007 3156 1139 3217 1111111
1169 3155 1367 3230 procuravit.
1399 3153 1481 3215 Cum
1518 3155 1625 3214 contra

401 3268 512 3330 Gallos
541 3270 582 3330 ad
612 3270 723 3330 Aliam
748 3271 842 3332 foede
865 3274 955 3331 11111
978 3273 1179 3347 pugnatum,
1203 3270 1358 3346 Romani,
1385 3270 1537 3330 homines
1560 3270 1624 3330 reli·

401 3511 462 3570 que
492 3498 541 3557 rei
563 3496 634 3557 sive
657 3497 784 3572 publice
808 3500 880 3559 sive
903 3499 1059 3574 privatim
1085 3499 1230 3574 agendae
1253 3499 1408 3559 idoneum
1434 3499 1625 3558 censuerunt

400 3613 510 3670 atrum
533 3610 628 3670 illurn
651 3611 749 3672 diem.
774 3611 939 3672 Sacrificio
958 3627 1100 3688 quoque,
1122 3612 1207 3686 quod
1227 3611 1404 3686 quotannis
1424 3611 1501 3671 exin
1521 3609 1623 3684 fleret,

402 3723 629 3784 celebrarunt?
659 3724 810 3798 Minime;
834 3726 997 3800 religiosus
1019 3725 1200 3786 vocabatur
1222 3725 1307 3802 dies,
1332 3725 1409 3799 quia
1430 3728 1515 3800 tum,
1530 3723 1625 3784 Gellio

401 3839 486 3898 teste
504 3833 536 3913 1),
567 3853 618 3898 ree
645 3838 770 3898 dininas
795 3840 899 3914 facere
924 3840 1166 3914 temperandum
1189 3843 1266 3900 1111.
1290 3839 1376 3900 Item
1400 3838 1531 3914 Graeci,
1556 3853 1623 3898 curn

400 3951 434 4010 in
456 3950 602 4011 numinis
621 3951 774 4012 heroisve
793 3952 953 4013 honorem
973 3968 1068 4013 sacra
1086 3953 1301 4014 instituerent
1321 3951 1373 4013 vel
1392 3952 1623 4025 instaurarent,

400 4064 493 4125 nulla
516 4065 582 4124 alia
604 4080 705 4126 causa
728 4080 827 4139 quarn
851 4081 934 4140 quae
955 4083 972 4128 e
991 4067 1149 4142 religione
1168 4065 1382 4142 proveniebat
1401 4065 1623 4125 movebantur.

446 4177 481 4239 Ε.
495 4193 521 4238 1.
541 4176 689 4239 Cimonis
708 4178 876 4256 1111111111,
891 4179 1011 4240 Thesei
1024 4194 1157 4256 corpore
1169 4179 1318 4240 Athenas
1330 4177 1511 4255 translato,
1524 4178 1626 4239 herois

400 4292 524 4351 festum
558 4292 683 4353 maiore
717 4307 817 4366 quam
851 4296 952 4354 antea
985 4295 1146 4369 apparatu
1177 4293 1314 4368 agentes
1328 4320 1330 4326 .
1344 4307 1419 4353 cum
1450 4288 1486 4350 τὰ
1520 4290 1625 4368 Θήσεια

399 4403 583 4480 sacrificiis,
606 4406 857 4483 certaminibus,
878 4407 965 4466 ludis
985 4409 1158 4482 augerent,
1178 4407 1398 4466 instituerunt
1417 4407 1455 4464 ut
1468 4404 1625 4466 connidae

400 4519 586 4595 Troezenio,
609 4535 673 4592 quo
693 4520 842 4581 Theseus
865 4521 1054 4595 paedagogo
1078 4536 1159 4580 usus
1183 4535 1257 4581 esse
1280 4520 1429 4595 ferretur,
1454 4519 1627 4592 quotannis

438 4770 542 4837 ι11111.
560 4776 605 4832 rv,
623 4777 648 4832 a,
666 4777 688 4822 1.
