3525 5692
354 673 397 731 90
875 689 917 733 nn
941 681 1050 736 airon.

350 855 480 917 turbido
503 856 613 919 solum
636 858 818 935 aufugisse,
843 859 901 920 sed
924 861 1054 935 praeter
1077 860 1204 921 lenum
1228 862 1326 935 atque
1349 861 1499 922 Andrum
1521 875 1576 920 na·

353 970 521 1043 rigantem
555 972 651 1032 iuxta
684 973 790 1047 Gyras
825 973 1002 1035 interiisse.
1034 973 1136 1034 Cuius
1166 974 1368 1036 calamitatis
1399 975 1514 1034 nuntio
1537 974 1578 1034 ad

354 1082 503 1142 Achaeos
536 1084 663 1159 perlato
697 1086 765 1147 fere
800 1101 918 1147 omnes
947 1087 1019 1148 cibo
1050 1087 1253 1149 abstinuisse
1286 1088 1391 1148 virum
1417 1087 1576 1148 eximium

353 1196 510 1257 deflentes
543 1212 727 1273 manusque
761 1201 940 1263 sustulisse
970 1201 1003 1261 in
1034 1215 1127 1262 mare
1158 1215 1335 1262 conversos
1364 1200 1578 1275 lugentesque

352 1325 429 1371 eum
460 1310 655 1385 appellasse.
687 1313 930 1387 Agamemnoni
952 1328 1070 1374 omnes
1092 1313 1197 1375 fuisse
1216 1314 1334 1391 iratos,
1366 1314 1422 1387 qui
1445 1315 1578 1374 tanturn

351 1438 417 1485 non
440 1425 581 1500 propriis
603 1426 758 1486 manibus
780 1426 875 1488 Aiaci
898 1431 1049 1502 parasset
1070 1427 1285 1503 perniciem.”

398 1540 585 1614 Sequuntur
607 1543 702 1604 haec:

400 1655 555 1729 „Aiacem
591 1653 798 1737 έναγισμάτωυ
833 1663 946 1737 τυχεῖν,
976 1655 996 1717 δι
1028 1657 1118 1736 μήπω
1149 1653 1303 1736 έπηνέχθη
1334 1655 1479 1736 πρότερον
1506 1653 1578 1732 μήτε

353 1765 414 1845 μήν
445 1767 570 1849 ὕστερον
599 1768 754 1856 ἀνθρώπῳ
785 1771 858 1851 τινί,
886 1767 957 1851 μηδ’
985 1768 1118 1843 ὁπόσους
1142 1769 1306 1849 ναυμαχίαι
1330 1767 1458 1846 ἀφανεῖς
1480 1767 1575 1846 έσχον·

354 1878 383 1954 ές
414 1880 470 1962 γὰρ
500 1883 640 1964 Λοκρίδα
669 1894 748 1946 ναῦν
778 1883 798 1964 ἣ
828 1864 880 1946 τόν
909 1886 1028 1946 Αἴαντα
1051 1876 1124 1964 ήγεν
1148 1884 1223 1958 ξόλα
1246 1883 1405 1962 νήσαντες,
1427 1882 1523 1962 ὥσπερ
1547 1879 1576 1954 ές

353 1995 463 2075 πυράν,
496 1995 631 2074 ἔσφαξαν
665 1996 778 2076 μέλανα
813 1998 912 2059 πάντα
942 1997 992 2059 καί
1024 1999 1189 2070 στείλαντες
1219 1995 1317 2076 αὐτὴν
1347 1996 1450 2068 ἱστίοις
1473 1993 1578 2073 μέλασι

353 2106 404 2168 καὶ
434 2114 495 2182 τοῖς
526 2107 627 2184 ἄλλοις
657 2111 754 2173 όποσα
787 2110 816 2186 ές
844 2111 876 2173 τὸ
900 2117 986 2173 πλεῖν
1010 2112 1148 2192 εὕρηται,
1171 2112 1310 2191 ξυνεῖχον
1333 2110 1494 2188 πείσμασιν
1516 2107 1579 2168 ἔστι

354 2231 483 2284 πνεῦσαι
518 2223 570 2285 τὸν
604 2223 665 2287 ιἰπὸ
696 2234 749 2304 τῆς
779 2235 834 2307 χής
865 2223 991 2306 άυεμον,
1022 2221 1058 2286 ’δν
1088 2223 1156 2307 περί
1188 2222 1303 2306 όρθρον
1332 2218 1451 2302 μάλισθ’
1477 2219 1577 2300 ήἼδη

356 2334 536 2400 ἀποστέλλει.
570 2337 634 2400 turi
669 2334 695 2400 δ’
730 2336 826 2421 ἡμέρα
858 2341 1030 2418 διεφαίνετο
1060 2338 1111 2400 καλ
1137 2338 1239 2424 κατήει
1265 2337 1298 2399 τὸ
1321 2345 1441 2416 πνεῦμα
1464 2345 1525 2416 πῦρ
1548 2333 1577 2408 ές

356 2451 462 2531 κοίλην
496 2450 550 2530 τήν
584 2462 663 2514 ναῦν
687 2452 808 2532 ένήκαν.
837 2453 920 2516 ἔπλει
950 2476 980 2516 τε
1011 2453 1049 2534 δή
1080 2453 1296 2535 μετεωρίζουσα
1328 2451 1357 2525 ές
1380 2451 1413 2512 τό
1435 2449 1577 2530 πέλαγος,

357 2564 407 2626 καί
450 2564 535 2628 οὔπω
576 2563 664 2644 ήλίου
707 2565 883 2647 ἀνίσχοντος
922 2567 999 2646 αῦτή
1034 2591 1064 2629 τι
1097 2565 1287 2648 κατεφλέχθη
1321 2566 1372 2628 καλ
1405 2563 1502 2628 ὁπόσα
1536 2573 1575 2647 τῷ

359 2680 467 2740 Αἴαντι
496 2679 632 2761 έφερεν.”

401 2795 524 2855 lladem
546 2795 614 2857 iere
638 2797 817 2857 narrantur
842 2796 927 2872 apud
951 2797 1107 2858 Tzetaam
1134 2797 1173 2857 ad
1197 2796 1357 2871 Lycophr.
1383 2795 1478 2857 Alex.
1498 2796 1576 2869 365,

353 2911 474 2971 additis
496 2911 604 2971 verbis
624 2910 819 2984 quibusdam
840 2913 1029 2972 memoratu
1041 2910 1220 2987 perdignis.
1241 2909 1376 2971 Aiacem
1397 2909 1486 2970 eninr
1504 2910 1578 2984 post

355 3024 467 3084 dolum
502 3024 543 3084 ab
573 3025 823 3099 Agamemnone
855 3027 888 3085 et
919 3024 1017 3085 Ulixe
1047 3025 1110 3085 sibi
1133 3015 1313 3099 structum,
1338 3038 1413 3083 cum
1437 3022 1470 3082 in
1495 3022 1577 3083 mari

319 3146 322 3152 ’
353 3137 536 3198 interiisset
558 3137 618 3198 tali
641 3138 739 3198 modo
762 3154 782 3198 a
804 3138 1024 3200 Locrensibus
1047 3153 1122 3199 esse
1145 3137 1332 3215 placatum:
1360 3140 1523 3213 „acteone
1546 3131 1579 3194 δὲ

358 3246 377 3327 ή
401 3248 516 3329 Λοκρίς
535 3250 637 3310 άπασα
655 3248 688 3310 τὸ
708 3248 829 3328 συμβὰν
849 3248 898 3311 έπλ
917 3249 1027 3331 χρόνον
1048 3249 1118 3310 ὅλον
1138 3255 1394 3330 μελανηφοροῦοα
1414 3248 1465 3308 τὸν
1486 3246 1581 3326 άνδρα

358 3362 508 3444 ἐπένθησε
542 3362 593 3425 καί
627 3362 749 3443 έτησίως
784 3362 898 3426 ὁλκάδα
928 3370 1088 3445 πληροῦσα
1120 3370 1239 3426 θυσιῶν
1270 3367 1504 3444 μεγαλοπρεπῶν
1530 3360 1581 3421 καί

357 3484 418 3556 πῦρ
449 3474 639 3557 ἐμβάλλουσα
668 3488 703 3562 τη
727 3475 846 3557 ὁλκάδι,
876 3477 1027 3559 έξαρτῶσα
1051 3476 1080 3539 τὲ
1104 3477 1197 3558 μέλαν
1221 3478 1315 3538 ἱστίον
1338 3474 1473 3555 αὐχένων
1496 3473 1581 3555 χωρίς

357 3590 468 3669 ἔπεμπε
490 3591 566 3672 πρὸς
590 3591 622 3653 τὸ
644 3590 773 3672 πέλαγος
796 3590 1016 3653 κατακαιέοθαι
1039 3593 1155 3653 θυσίαν
1178 3601 1217 3676 τῷ
1240 3591 1348 3670 ήρωι.”

403 3706 512 3785 Αῦχήν
541 3709 595 3769 hic
625 3723 683 3783 pro
711 3709 782 3769 toto
805 3707 1029 3782 gubernaculo
1054 3708 1265 3783 accipiendus
1289 3705 1419 3770 videtur
1443 3703 1495 3772 (cf.
1519 3701 1585 3762 Pol·

357 3822 419 3883 luc.
445 3822 526 3898 190,
549 3823 605 3883 ubi
624 3829 754 3897 partem
771 3823 869 3884 modo
888 3824 1034 3892 indicat).
1055 3823 1265 3897 Navigabant
1284 3823 1396 3895 itaque
1408 3821 1470 3880 hae
1484 3831 1586 3878 naves

228 3998 233 4006 ,
357 3938 395 3996 ut
418 3935 604 3996 Phaeacum
629 3935 720 4012 illae,
745 3935 864 4010 quibus
887 3951 953 3997 non

936 4049 1158 4128 κυβερνητῆρες
1182 4047 1247 4108 ἔασι

536 4159 609 4222 οὐδέ
631 4183 658 4221 τι
680 4156 798 4240 πηδάλι’
826 4160 901 4239 ἔστι,
923 4160 958 4220 τά
981 4156 1002 4221 τ’
1028 4159 1115 4222 άλλαι
1138 4170 1207 4239 νῆες
1231 4159 1340 4240 έχουσι·

535 4270 594 4335 ἀλλ’
621 4273 712 4336 αόταλ
734 4275 840 4335 ficara
863 4274 1001 4353 νοήματα
1025 4273 1075 4334 καὶ
1099 4272 1214 4355 φρένας
1237 4272 1359 4354 ἀνδρῶν

536 4387 586 4449 καί
609 4389 732 4449 πάντων
754 4388 860 4448 έίσασι
883 4386 969 4460 πόλις
993 4385 1044 4448 καί
1067 4387 1177 4459 πίονας
1200 4385 1312 4468 ἀγροὺς

536 4500 721 4584 ἀνθρώπων,
740 4500 790 4562 καὶ
811 4506 919 4579 λαῖτμα
938 4497 1051 4581 τάχισθ’
1073 4499 1142 4574 arbe
1162 4498 1342 4580 έκπεράουσι
1369 4505 1403 4572 (θ
1416 4502 1478 4562 557
1493 4503 1585 4574 sqq.)·

401 4619 615 4681 Locrensium
650 4620 765 4679 autem
799 4618 973 4691 navigium
1008 4632 1075 4677 non
1101 4597 1217 4691 ‘ipsum
1248 4615 1339 4676 viam
1359 4613 1501 4690 sciebat,
1530 4612 1586 4672 sed

357 4734 467 4795 ventis
491 4710 691 4810 tradebatur,
717 4736 754 4793 ut
774 4748 836 4807 quo
856 4733 997 4792 numina
1016 4733 1144 4792 marina
1163 4730 1289 4791 vellent
1301 4743 1436 4791 cursum
1448 4730 1585 4789 teneret·
