3525 5692
720 777 762 822 Du
785 778 894 823 Alaun.

340 985 344 992 ·
373 951 422 1014 σοὶ
446 949 474 1014 δ’
501 951 581 1038 αὐτῷ
606 951 684 1032 φημὶ
709 952 816 1033 σχεδὸν
839 951 980 1032 ἔμμεναι,
1003 948 1115 1013 ὁππότε
1138 950 1261 1031 φεύγων

370 1182 529 1253 θάσσονας
552 1181 666 1263 ἰρήκων
690 1181 793 1260 ἔμεναι
815 1181 1003 1266 ιιαλλίιριχας
1026 1180 1152 1257 ῗιιιιονς,

373 1295 407 1356 οἵ
424 1312 456 1356 σε
479 1291 598 1357 πόλινδ’
626 1296 745 1358 οἴσουσι
768 1297 921 1369 κονίοντες
944 1294 1070 1356 πεδίοιο.

194 1410 258 1470 Ubi
293 1425 371 1472 vero
405 1412 517 1473 Aiacis
548 1412 685 1473 maioris
715 1413 750 1472 in
778 1412 881 1473 Iliade
906 1411 1042 1472 exstant
1063 1409 1176 1470 iacta?
1199 1407 1421 1470 Inveniuntur

196 1527 229 1583 Η
252 1526 400 1600 1-312;
435 1527 467 1584 Ν
497 1525 572 1586 inde
600 1541 620 1586 a
651 1540 700 1587 vs.
725 1527 808 1608 8093
845 1521 1134 1597 2402-finem3
1173 1519 1419 1593 otis—fine

195 1640 437 1714 12104-140;
459 1639 588 1729 passim
612 1639 646 1698 in
670 1639 790 1700 ceteris
813 1639 967 1699 versibus
990 1636 1064 1697 libri
1089 1639 1120 1698 P.

237 1755 319 1815 Post
350 1750 498 1834 Ἀχιλλέως
528 1750 695 1814 ἀνάστασιν
717 1754 829 1816 subito
852 1756 926 1815 tam
950 1753 1057 1814 altum
1081 1751 1122 1812 de
1144 1749 1245 1810 Aiace
1268 1749 1422 1808 servatur

192 1867 364 1929 silentium
387 1900 430 1911 —
453 1869 568 1945 paucis
590 1869 744 1930 versibus
768 1869 801 1929 in
829 1871 863 1927 Ψ
884 1868 1036 1944 exceptis
1060 1901 1117 1943 -,
1141 1867 1180 1926 ut
1202 1865 1232 1924 si
1246 1863 1332 1924 forte
1350 1877 1420 1937 sep·

191 1981 369 2043 temdecim
399 1981 474 2042 libri
503 1983 739 2058 praecedentes
771 1982 990 2060 interiissent,
1024 1998 1041 2043 e
1072 1979 1192 2042 ceteris
1214 1979 1341 2054 septem
1365 1976 1422 2035 vix

192 2096 340 2158 efficeres
362 2111 510 2170 unquam
533 2097 670 2159 Aiacem
693 2097 860 2171 quendam
886 2097 1070 2160 exstitisse.

237 2212 350 2286 Neque
373 2211 437 2271 diei
459 2213 571 2287 potest
592 2211 627 2271 in
650 2210 780 2271 ultimis
804 2212 933 2286 septem
956 2210 1051 2270 libris
1074 2209 1211 2270 Aiacem
1234 2207 1268 2268 in
1287 2204 1428 2266 Achillis

192 2325 332 2386 latuisse
352 2294 483 2402 umbra,
508 2324 665 2399 quoniam
685 2339 801 2386 revera
819 2323 933 2385 nullus
950 2325 984 2384 in
1004 2324 1046 2384 iis
1064 2323 1151 2384 Aiax
1174 2321 1300 2382 existit.
1320 2317 1420 2411 (iuius

192 2439 317 2501 silentii
351 2440 491 2501 minime
525 2440 621 2501 deest
655 2455 765 2501 causa.
800 2441 888 2500 Aiax
919 2439 1008 2500 enim
1038 2436 1183 2516 πελώριος
1211 2434 1336 2510 ingenti
1359 2447 1421 2493 sua

193 2557 336 2632 statura,
362 2553 466 2630 clipeo
490 2568 550 2614 suo
572 2554 747 2630 praegravi
778 2555 819 2614 ad
842 2555 974 2615 hostem
998 2550 1259 2629 persequendum
1282 2547 1421 2609 minime

193 2673 292 2746 aptus
322 2671 391 2730 est:
423 2667 575 2728 defensor
605 2669 658 2728 est
687 2669 840 2745 navium,
871 2670 986 2728 tuetur
1007 2667 1172 2739 iacentes3
1196 2677 1314 2723 verum
1336 2657 1421 2741 ἕρκος

194 2787 317 2862 Ἀχαιῶν
340 2785 413 2843 tum
437 2783 573 2843 demum
593 2797 672 2843 suas
692 2783 761 2858 agit
778 2785 904 2860 partes,
925 2797 1000 2842 cum
1017 2778 1149 2842 Troiani
1169 2779 1277 2838 eastra
1297 2776 1421 2837 Graeca

193 2896 435 2973 aggrediuntur.
460 2897 504 2958 At
528 2897 670 2958 simulac
692 2897 817 2973 repulsi
839 2898 919 2972 iuga
940 2895 1084 2957 salutem
1108 2892 1270 2969 quaerunt
1287 2889 1421 2951 Troiani

184 2997 305 3072 'urbem
340 3010 438 3072 celeri
468 3025 566 3072 cursu
597 3013 799 3089 repetentes,
831 3013 904 3073 tum
936 3026 1019 3086 opus
1047 3012 1099 3071 est
1121 3007 1260 3070 Achillis
1282 3004 1419 3082 pedibus

191 3125 388 3203 celerrimis,
413 3141 495 3200 quos
518 3141 560 3186 ne
582 3126 706 3187 Hector
728 3125 861 3200 quidem
885 3126 1029 3202 effugere
1052 3125 1170 3200 potuit.

236 3240 301 3301 Fac
324 3240 426 3315 igitur
448 3239 586 3301 Iliadem
612 3239 800 3301 dividamus
822 3241 980 3316 bipartito
1004 3241 1065 3316 ita,
1088 3242 1126 3300 ui
1145 3239 1233 3314 prior
1250 3251 1327 3314 pars
1346 3250 1417 3297 con·

190 3354 295 3415 tineat
318 3354 516 3415 Graecorum
541 3356 728 3415 castrorum
751 3354 1047 3430 oppugnationem,
1075 3353 1179 3414 altera
1201 3351 1418 3412 Troianorum

191 3469 400 3544 repulsorum
422 3467 550 3544 fugam,
576 3469 648 3527 tum
673 3467 843 3543 apparebit
872 3469 1048 3539 utramque
1071 3468 1198 3541 partem
1222 3464 1421 3541 peculiarem

193 3581 256 3643 sibi
278 3597 377 3642 suum
401 3581 557 3642 babuisse
577 3582 731 3642 heroem:
751 3581 895 3658 priorem
911 3580 1063 3657 Aiacem,
1084 3580 1225 3640 alteram
1244 3577 1418 3639 Achillem.
1453 3604 1474 3630 ν

192 3698 316 3758 Neuter
348 3695 480 3756 Troiam
516 3694 615 3772 cepit,
648 3710 726 3755 nam
758 3695 843 3755 hanc
877 3696 918 3756 ad
948 3709 1019 3756 rem
1051 3709 1156 3767 neque
1179 3708 1262 3769 opus
1285 3695 1356 3753 erat
1379 3701 1418 3774 τῷ

192 3808 271 3891 ἕρκεϊ
292 3813 414 3887 Ἀχαιῶν
437 3823 544 3882 neque
566 3818 606 3892 τῷ
630 3807 729 3880 πόδας
755 3804 839 3887 ὠκέι,
869 3810 928 3870 sed
951 3823 1033 3884 opus
1056 3810 1128 3868 erat
1150 3817 1190 3887 τῷ
1214 3804 1418 3890 πτολιπόρθῳ.
1448 3824 1484 3849 s

235 3925 282 3985 De
316 3923 431 3984 Troiae
464 3938 541 3984 vero
571 3920 816 3997 oppugnatione
848 3937 923 3983 cum
950 3923 1064 3998 paucis
1087 3923 1166 3996 agat
1188 3921 1268 3980 Ilias
1288 3922 1418 3996 nostra,

191 4039 327 4101 omnino
358 4040 472 4099 autem
502 4050 568 4096 non
600 4038 677 4111 agat
708 4035 747 4096 de
771 4035 868 4097 Troia
892 4039 1003 4113 capta,
1026 4036 1143 4096 Ulixes
1167 4034 1226 4094 vix
1247 4035 1282 4094 in
1306 4033 1420 4093 Iliadis

191 4154 319 4215 ambitu
352 4155 464 4228 partes
499 4167 578 4213 suas
612 4151 751 4212 invenit.
782 4151 867 4211 Nam
897 4153 999 4212 tertia
1028 4150 1178 4226 trilogiae
1208 4164 1285 4224 pars
1314 4147 1420 4208 abest.

189 4267 349 4329 Videmus
383 4267 561 4342 Achillem,
594 4264 649 4339 qui
681 4264 788 4324 altera
817 4265 850 4324 in
879 4266 975 4339 parte
1005 4265 1180 4325 Hectorem
1213 4261 1420 4339 persequitur

189 4397 227 4442 ae
257 4381 427 4455 intertioit;
461 4381 613 4441 videmus
643 4379 794 4455 Aiacem,
824 4380 936 4452 quiin
960 4382 1055 4454 parte
1078 4378 1199 4455 priore,
1224 4378 1280 4438 ubi
1304 4377 1419 4437 Graeci

188 4509 292 4568 usque
315 4495 356 4555 ad
379 4495 588 4570 Hellesponti
609 4481 700 4555 litus
721 4493 844 4569 repulsi
868 4507 966 4568 aegre
993 4507 1098 4553 naves
1121 4507 1202 4553 suas
1225 4491 1419 4567 defendunt,

186 4608 295 4683 surgit
317 4608 470 4669 defensor
493 4608 548 4681 qui
572 4607 686 4669 cedere
710 4607 828 4668 nescit.
856 4607 969 4681 Neque
1000 4607 1122 4667 iniuria
1145 4622 1299 4668 summus
1322 4607 1421 4680 poeta

185 4723 312 4796 ingenti
336 4737 413 4783 eum
436 4722 599 4782 instruxit
622 4724 735 4783 scuto:
767 4722 818 4781 est
841 4722 931 4782 enim
959 4721 1115 4784 defensor
1136 4723 1418 4798 oppugnatorum,
1506 4800 1510 4804 ,

185 4837 237 4898 est
270 4835 391 4901 Hector
425 4837 581 4902 Graecus,
616 4835 689 4898 Non
728 4836 773 4899 ibi
815 4851 937 4900 nomen
971 4837 1085 4900 Aiacis
1119 4836 1274 4900 laudibus
1309 4834 1418 4899 efferri
1465 4809 1497 4840 γ’

1479 2156 1518 2218 s

1453 2727 1495 2766 V.
