3525 5692
674 735 717 779 nn
739 736 849 780 nmen
1332 727 1372 786 81

149 918 328 979 occupasse
358 905 477 974 (strab.
501 906 571 982 VH,
595 907 683 977 321).
706 907 811 970 Vocat
842 907 979 969 Ovidius
1002 909 1201 984 Megaridem
1225 912 1377 988 Lelegeia

148 1017 247 1078 litora
280 1019 425 1089 (Metam.
459 1019 545 1095 VIII,
582 1023 631 1094 6);
667 1022 701 1082 in
731 1036 887 1082 scaenam
919 1022 1006 1084 idem
1038 1023 1129 1084 ducit
1159 1024 1373 1088 'troezenium

151 1133 285 1194 heroem
316 1135 450 1194 nomine
480 1134 634 1208 Lelegem
667 1135 765 1212 (VIII,
798 1136 884 1205 567).
914 1135 1018 1198 Filius
1040 1137 1129 1198 illius
1153 1138 1294 1216 Lelegis,
1320 1143 1376 1214 qui

151 1247 292 1321 Megaris
306 1248 479 1323 regnabat,
505 1247 683 1308 vocabatur
705 1248 845 1325 Kleson,
872 1251 956 1323 quod
981 1265 1101 1312 nomen
1124 1252 1158 1312 in
1178 1255 1374 1320 memoriam

148 1360 277 1421 reducit
298 1361 540 1437 Klesonymum
563 1359 616 1421 τὸν
638 1362 734 1420 παῖδα
755 1361 1011 1439 Ἀμφιδάμαντος,
1035 1379 1132 1438 quem
1151 1366 1322 1428 Patroclus
1341 1369 1374 1430 in

150 1474 264 1534 Locris
297 1477 384 1537 inter
417 1476 532 1537 ludum
567 1479 756 1537 necaverat.
789 1480 838 1546 (Ψ
866 1478 930 1547 87).
962 1478 1077 1550 Itaque
1108 1494 1172 1539 non
1202 1480 1311 1542 solum
1341 1484 1374 1544 in

151 1587 324 1664 LaconIca,
360 1590 418 1650 sed
452 1591 555 1651 etiam
586 1607 643 1666 per
672 1593 779 1653 totam
804 1591 950 1652 mediam
973 1592 1146 1654 Graeciam
1171 1610 1191 1654 a
1213 1595 1376 1670 Megaride

151 1715 256 1773 usque
292 1703 332 1762 ad
370 1704 568 1764 Leucadiam
599 1703 756 1777 reliquiae
787 1704 946 1779 Lelegum
984 1707 1129 1767 nominis
1159 1710 1376 1784 reperiuntur.

151 1815 230 1874 Erat
252 1816 340 1875 enim
364 1816 466 1878 Lelex
488 1833 572 1878 avus
595 1818 773 1880 Teleboeae
797 1818 1035 1880 'Peleboesrum
1060 1822 1224 1896 eponymi.

196 1931 433 2005 Fragmentum
458 1933 660 1994 Hesiodeum
690 1935 749 1994 llb
777 1934 909 2005 (Rzach)
933 1933 1032 1995 hosce
1056 1949 1172 1996 versus
1194 1938 1345 2011 praebet:

329 2036 349 2122 ἦ
372 2067 418 2105 τοι
441 2045 498 2125 γὰρ
522 2046 644 2126 Λοκρὸς
668 2044 810 2126 Λελέγων
833 2043 966 2126 ἡγήσατο
988 2051 1080 2124 λαῶν,

328 2157 399 2230 τούς
421 2158 461 2239 ῥά
483 2180 555 2220 ποτε
579 2160 734 2240 Κρονίδης
758 2159 835 2232 Ζεὺς
858 2158 977 2236 ἄφθιτα
1001 2161 1097 2238 μήδεα
1120 2160 1230 2234 Iertes

327 2271 449 2345 λεκτοὺς
472 2271 505 2332 ἐκ
527 2273 615 2352 γαίης
639 2270 728 2346 ἁλίας
750 2273 824 2352 πόρε
847 2276 1045 2342 Δευκαλίωνι.
1401 2308 1433 2352 s

195 2385 371 2446 Deucalion
406 2387 491 2462 apud
526 2387 705 2447 Pindarum
739 2387 800 2458 (Ol.
830 2387 888 2464 IX,
918 2389 971 2459 43)
1006 2388 1099 2448 audit
1132 2391 1227 2463 pater
1260 2403 1375 2464 regum
1429 2431 1470 2465 ,s

150 2500 299 2560 omnium
334 2502 494 2574 quotquot
527 2500 562 2561 in
592 2501 727 2561 Locride
757 2503 990 2575 regnaverunt.
1022 2499 1104 2575 Oyni
1133 2501 1167 2560 ln
1197 2502 1375 2564 Locrorum

151 2611 231 2674 urbe
254 2613 381 2673 vixisse
405 2614 540 2688 dicitur;
565 2613 611 2673 ibi
634 2613 867 2674 ostendebatur
890 2614 1034 2688 Pyrrhae
1058 2615 1171 2674 uxoris
1194 2615 1265 2674 eius
1284 2623 1375 2692 σῆμα.

150 2725 229 2786 Hrat
262 2725 374 2800 cynus
408 2728 591 2802 emporium
632 2727 805 2804 Lelegum,
844 2730 961 2802 portus
991 2728 1077 2790 unde
1105 2743 1209 2789 naves
1239 2730 1375 2790 Locren·

150 2834 238 2899 sium
269 2840 426 2915 petebant
454 2842 572 2903 altum.
603 2842 767 2902 Memorat
792 2841 909 2903 Strabo
934 2841 1124 2918 oppidulum
1148 2841 1267 2919 Canas,
1294 2843 1376 2910 colo·

150 2957 241 3015 niam
265 2971 285 3016 a
307 2955 525 3017 Locrensibus
548 2959 609 3027 τοῖς
632 2953 665 3014 ἐκ
692 2955 799 3014 Κύνου
824 2957 989 3018 conditam
1010 2957 1114 3018 Lesbo
1133 2957 1262 3018 insulae
1281 2973 1375 3033 oppo-

150 3070 263 3131 sitam.
288 3071 399 3143 Neque
423 3071 515 3131 deest
537 3070 675 3130 Homeri
698 3069 931 3130 testimoninm
955 3071 987 3130 in
1013 3069 1185 3146 catalogo:

328 3187 459 3261 Λοκρῶν
483 3177 511 3242 δ’
537 3177 721 3261 ἡγεμόνευεν
742 3176 858 3259 Ὀιλῆος
883 3181 973 3261 ταχὺς
997 3182 1074 3254 Αἴας

329 3296 361 3357 οἱ
376 3295 483 3357 Κῦνόν
506 3290 528 3355 τ’
542 3289 672 3373 ἐνέμοντ’
695 3289 839 3356 Ὀπόεντα
863 3317 893 3355 τε
916 3295 1090 3373 Καλλίαρόν
1113 3317 1151 3354 τε.

195 3412 248 3471 Sic
266 3411 411 3471 vidimus
436 3409 625 3471 Telamonis
647 3424 769 3471 nomen
792 3408 837 3469 ibi
859 3409 1015 3484 invenIri,
1042 3409 1098 3469 ubi
1120 3409 1278 3484 Lelegum
1298 3427 1374 3485 quo·

150 3540 213 3598 que
243 3540 363 3586 nomen
393 3525 547 3586 offendat.
582 3524 708 3600 Locris,
741 3524 901 3598 Troezen,
936 3521 1043 3598 Garis,
1076 3522 1223 3599 Miletus,
1257 3523 1373 3599 Troas,
1459 3502 1461 3505 ”

148 3639 272 3700 Lesbos
295 3639 422 3713 antiqui
445 3638 496 3699 dei
518 3637 641 3698 marini
663 3638 840 3697 servarunt
862 3635 1069 3697 memoriam.

216 3753 255 3814 In
288 3750 361 3828 ipsa
389 3767 467 3814 vero
498 3750 633 3811 Locride
664 3750 751 3810 vixit
781 3764 909 3824 quoque
940 3749 1088 3824 nympha
1111 3764 1128 3809 e
1153 3764 1217 3822 qua
1240 3749 1375 3810 Telamo

149 3848 265 3942 genuit
296 3865 401 3928 illlum
431 3865 609 3941 Teucrum,
640 3879 759 3940 nempe
787 3865 943 3926 Hesione.
976 3865 1060 3925 Nam
1091 3863 1245 3925 Menoetii
1274 3865 1378 3924 irater

149 3954 369 4041 Prometheus
399 3993 538 4058 uxorem
571 3977 701 4054 habuit,
734 3993 834 4051 quarn
865 3978 1053 4040 Herodotus
1080 3977 1232 4037 nominat
1260 3978 1375 4038 Asiam

149 4092 215 4168 (IV,
248 4093 313 4168 45),
345 4092 531 4166 Aeschylus
561 4107 638 4152 vero
670 4091 848 4163 (Prometh.
883 4093 959 4161 555)
989 4091 1168 4152 Hesionen.
1200 4091 1272 4151 Huc
1295 4091 1377 4150 lucit
1430 4135 1437 4145 .

147 4205 309 4280 Hesychii
327 4205 456 4280 glossa:
476 4199 635 4275 Ἧσιονεῖς·
659 4203 688 4263 οἱ
706 4202 761 4280 τὴν
781 4204 880 4263 Ἀσίαν
901 4203 1054 4276 οἰκοῦντες
1066 4200 1221 4280 Ἕλληνες.
1242 4204 1375 4264 Utrum·

147 4335 212 4392 que
242 4333 365 4380 nomen
395 4317 561 4378 Hesionen
594 4319 626 4377 et
656 4317 774 4377 Asiam
805 4317 968 4392 cruppius
999 4318 1038 4376 ad
1063 4318 1202 4377 formam
1229 4332 1375 4377 commu·

148 4448 229 4493 nem
252 4430 388 4491 Αἰολίαν
411 4431 550 4493 rettulit.

195 4546 315 4606 Fusius
343 4546 412 4620 egit
434 4544 566 4605 Plclrius
590 4545 629 4605 ds
652 4544 836 4618 Lelegibus.
862 4544 924 4604 Pro
948 4559 1010 4603 sua
1032 4543 1201 4604 sententia
1224 4543 1378 4604 omnibus

146 4658 280 4720 indiciis
299 4659 441 4732 undique
461 4657 611 4718 collectis
629 4658 859 4733 pronuntiavit
878 4662 919 4733 (p.
943 4658 1003 4718 107
1025 4662 1124 4732 sqql:
1148 4657 1227 4734 ,Die
1241 4657 1377 4732 Leleger

147 4776 319 4832 stammen
343 4787 403 4832 aus
427 4773 502 4833 dem
526 4773 741 4833 Nordwesten
765 4772 831 4832 und
853 4771 960 4832 haben
985 4771 1054 4832 sich
1079 4787 1142 4833 von
1163 4772 1297 4847 Epeiros
1317 4785 1386 4832 aus

208 4876 354 4921 Vuarrrsnr.
1285 4877 1298 4920 6
