3525 5692
356 717 400 775 30
879 733 923 777 nr
944 734 1057 778 araca

388 904 551 977 agrestis
580 899 691 978 igitur,
714 901 910 978 incidatur,
934 905 1046 981 prodit
1066 905 1125 965 ille
1145 905 1269 980 Epeos,
1291 919 1478 980 epouymus
1499 903 1579 977 Epe-

354 1031 451 1077 orum
480 1017 584 1077 Elidis
605 1017 789 1078 incolarum
812 1018 1133 1094 antiquissimorum,
1156 1033 1241 1092 quos
1262 1034 1340 1078 cum
1361 1015 1582 1089 Locrensibus

351 1133 443 1192 arcte
472 1131 577 1191 luisse
605 1128 801 1192 coniunctos
826 1130 924 1192 docet
944 1132 1120 1208 Pindarus,
1143 1131 1302 1192 docuerat
1322 1132 1392 1191 iam
1413 1131 1581 1191 Homerus

351 1243 425 1304 loco
446 1245 636 1321 notissimo,
658 1244 714 1305 ubi
736 1259 802 1305 uno
824 1260 926 1305 versu
946 1247 1194 1320 coniunguntur

576 1355 694 1435 Λοκροὶ
716 1355 769 1416 καὶ
793 1360 890 1417 Φθῖοι
911 1356 965 1418 καὶ
986 1358 1200 1436 φαιδιμόεντες
1215 1353 1345 1418 Ἐπειοί

398 1472 610 1533 Athenaeum
639 1473 670 1531 si
696 1472 851 1533 audimus
872 1475 918 1542 (Χ
935 1474 1062 1548 456F),
1085 1474 1195 1549 lipeus
1214 1473 1393 1547 ahquando
1415 1469 1580 1548 ὑδροφόρει

351 1590 414 1657 τοῖς
428 1585 586 1662 Ἀτρείδαις
597 1587 798 1660 asinumque
810 1587 929 1648 eodem
939 1586 1050 1648 officio
1060 1565 1259 1662 fungentem
1269 1587 1434 1648 vocabant
1443 1587 1578 1660 Itpeum.

397 1702 480 1762 lam
510 1701 618 1777 Epeos
647 1717 749 1774 quam
774 1703 896 1764 Aiaces
917 1703 1086 1763 Minervae
1107 1702 1223 1763 lavore
1243 1703 1384 1762 minime
1405 1701 1578 1777 gaudebat.

351 1817 534 1877 Locrenses
568 1817 670 1891 igitur
702 1819 737 1876 et
766 1817 872 1891 Epeos
900 1816 1039 1890 mythos
1067 1817 1231 1890 quosdam
1260 1816 1432 1892 hahuisse,
1461 1814 1580 1889 quihus

351 1929 547 1990 inimicitias
580 1931 668 1990 inter
700 1929 798 1990 deam
832 1933 867 1990 et
900 1930 1019 1992 heroos
1050 1945 1132 1990 suos
1163 1945 1347 2005 eponymos
1379 1929 1580 1991 exercitatas

353 2043 570 2119 explicarent,
590 2045 686 2104 facile
696 2045 858 2104 statueris
868 2059 976 2118 neque
986 2045 1184 2104 mirabimur
1193 2043 1369 2105 audientes
1376 2043 1441 2104 hoc
1451 2043 1577 2118 odium,

352 2159 439 2232 quod
472 2158 514 2219 ad
548 2159 667 2219 Aiaces
699 2158 833 2234 attinet,
863 2159 932 2219 iarn
961 2159 1136 2219 exstitimo
1164 2159 1253 2219 inter
1274 2159 1458 2219 Minervam
1481 2160 1580 2230 atque

349 2272 446 2332 illum
480 2273 616 2334 Aiacem
639 2273 850 2348 primarium,
880 2289 900 2332 e
929 2288 993 2348 quo
1022 2273 1165 2334 triadem
1187 2274 1390 2335 Locrensem
1416 2272 1579 2347 originem

350 2401 449 2446 suam
468 2386 605 2447 duxisse
623 2401 724 2461 supra
742 2385 957 2448 coniecimus.
976 2388 1062 2447 Nam
1080 2388 1204 2448 iterum
1218 2402 1397 2448 monemus
1406 2386 1580 2459 utriusque

350 2501 461 2561 herois
484 2516 615 2562 morum
633 2501 864 2578 asperitatem,
884 2517 927 2563 ne
945 2501 1096 2562 dicamus
1106 2504 1319 2576 arrogantem
1331 2501 1578 2576 morositatem,

352 2614 406 2674 vel
428 2630 449 2675 a
471 2614 630 2689 Sophocle
653 2615 708 2675 vel
729 2615 771 2675 ah
794 2615 939 2677 Homero
962 2630 1038 2676 cum
1061 2616 1215 2690 emphasi
1236 2616 1381 2689 quadam
1401 2617 1579 2676 tractatam

353 2729 473 2801 luisse;
509 2729 543 2788 iu
577 2743 618 2788 ea
646 2727 720 2790 sola
749 2729 854 2789 tuisse
883 2730 1026 2803 postiam
1054 2730 1228 2803 utriusque
1254 2730 1366 2790 herois
1388 2731 1579 2805 perniciem.

352 2843 447 2904 Unde
470 2858 537 2903 non
559 2842 619 2902 abs
641 2843 733 2904 omui
755 2842 1045 2903 verisimilitudine
1064 2844 1214 2905 effeceris
1230 2841 1288 2920 τὴν
1305 2852 1360 2903 τοῦ
1378 2842 1511 2916 Αἴαντος
1528 2841 1581 2902 καὶ

353 2960 484 3034 Ἀθηνᾶς
517 2953 693 3034 inspuetur,
725 2972 826 3029 quam
855 2957 982 3032 posteri
1010 2973 1030 3017 e
1058 2956 1265 3018 Cassandrae
1293 2961 1390 3033 raptu
1413 2958 1579 3033 explicare

351 3071 462 3130 conati
490 3073 583 3145 sunt,
614 3071 715 3130 altius
745 3086 819 3131 esse
849 3071 1038 3146 petendam.
1061 3072 1184 3132 Latent
1204 3072 1278 3132 eius
1298 3072 1428 3133 radices
1448 3073 1483 3132 in
1506 3073 1578 3147 ipso

352 3183 424 3245 solo
446 3185 612 3246 Locrensi.

628 3667 689 3734 VI.
712 3667 764 3734 lie
788 3666 964 3733 llinervae
986 3666 1027 3731 in
1048 3665 1207 3734 Achaeus
1230 3667 1299 3733 ira.

395 3883 489 3945 Nunc
511 3885 588 3944 ante
610 3884 722 3944 omnia
745 3883 911 3958 agendum
934 3883 997 3943 erit
1016 3882 1056 3942 de
1075 3881 1243 3957 Odysseae
1260 3881 1458 3955 quibusdam
1477 3879 1574 3955 locis,

350 3997 406 4058 ubi
428 3999 526 4072 poeta
548 3997 589 4058 de
612 3998 778 4058 Minervae
799 3997 835 4056 in
857 3997 1010 4062 Achaeos
1033 3997 1096 4074 ira,
1121 3996 1162 4057 de
1184 3996 1292 4057 reditu
1307 3995 1433 4055 infelici
1450 3993 1574 4054 Achae-

351 4127 460 4188 orum,
493 4112 532 4171 de
562 4110 662 4171 huius
692 4111 820 4171 reditus
849 4110 974 4186 causis,
999 4110 1039 4170 de
1061 4111 1153 4170 Iovis
1175 4109 1324 4172 consiliis
1343 4110 1421 4184 post
1442 4106 1575 4168 Troiam

351 4227 483 4300 captam
506 4224 541 4284 in
564 4223 706 4284 Graecos
728 4225 868 4284 statutis
890 4224 989 4299 paulo
1013 4223 1182 4284 contraius
1204 4223 1293 4297 loqui
1313 4223 1455 4283 videtur.

395 4339 443 4399 Ac
466 4338 611 4413 primum
635 4338 830 4398 evolvamus
852 4360 880 4417 y,
906 4338 962 4397 ubi
983 4337 1128 4412 legimus
1149 4338 1232 4398 haec
1254 4340 1315 4407 (vs.
1342 4337 1406 4397 130
1428 4338 1528 4409 sqq;):

572 4449 667 4530 αὐτὰρ
692 4448 756 4511 ἐπεὶ
779 4450 931 4529 Πριάμοιο
955 4450 1044 4511 πόλιν
1067 4448 1265 4531 διεπέρσαμεν
1287 4448 1383 4528 circha

572 4563 622 4624 καὶ
645 4563 709 4624 τότε
731 4562 770 4641 δὴ
795 4562 871 4636 Ζεὺς
893 4565 1006 4644 λυγρὸν
1029 4561 1075 4623 ἐνὶ
1098 4562 1186 4643 φρεσὶ
1209 4564 1331 4642 ’μήδετο
1353 4562 1464 4625 νόστον

573 4679 731 4758 Ἀργεΐοισ’
756 4675 819 4737 ἐπεὶ
842 4675 881 4738 οὔ
904 4701 931 4737 τι
954 4677 1103 4756 νοήμονες
1127 4674 1200 4740 οὐδὲ
1223 4678 1336 4739 δίκαιοι

571 4791 682 4863 πάντες
705 4789 786 4850 ἔσαν.
