3525 5692
536 693 578 736 ns
600 691 818 737 memorre
841 693 1036 739 rsnneonre.
1272 651 1274 654 ⁵
1335 678 1395 736 187

173 880 272 940 quem
302 865 475 940 populum,
505 864 619 923 utrum
650 876 693 922 ex
723 863 874 938 Aegypto
897 862 931 921 in
954 861 1129 922 Graeciam
1151 861 1197 922 eit
1218 861 1399 935 importata

174 992 216 1038 an
250 993 268 1038 e
303 976 439 1038 Graecia
471 975 620 1051 protecta
654 974 721 1036 late
753 988 881 1049 vagans
914 974 948 1033 in
979 976 1168 1049 Aegyptum
1199 973 1397 1049 penetrarit,

172 1091 271 1151 dubia
304 1105 358 1150 ree
389 1090 442 1150 est
472 1091 506 1149 et
534 1088 626 1148 varie
655 1088 741 1148 varii
770 1088 811 1147 de
840 1103 879 1148 ea
910 1086 1123 1161 disputarunt
1153 1087 1216 1146 viri
1245 1086 1333 1147 docti
1364 1089 1398 1146 et

173 1203 350 1277 disputant.
382 1202 464 1262 Sunt
493 1202 595 1262 etiam
626 1202 682 1276 qni
711 1200 884 1262 orientalis
915 1201 1051 1274 originis
1083 1201 1203 1260 indicia
1229 1201 1262 1260 in
1286 1200 1398 1261 fabula

172 1315 359 1376 Herodotea
380 1315 525 1375 inveniri
546 1313 754 1389 perhibeant;
775 1313 950 1393 historiam
971 1313 1059 1373 enim
1081 1314 1207 1374 versuti
1225 1314 1398 1374 architecti

172 1427 206 1487 in
234 1427 342 1487 literis
371 1426 596 1502 Sanscriticie,
627 1427 712 1501 apud
743 1425 881 1501 Turbae,
910 1426 996 1501 apud
1023 1425 1151 1486 Ruseos
1174 1440 1247 1487 esse
1269 1429 1395 1489 notam.

172 1540 239 1600 Nos
267 1539 354 1600 hano
383 1543 512 1615 partem
542 1539 746 1612 quaestionis
772 1539 873 1598 certis
896 1538 1049 1598 terminis
1072 1538 1395 1614 circumscnbemus;

171 1652 340 1712 mittimus
369 1666 484 1726 rogare
514 1665 595 1712 num
627 1666 645 1711 e
675 1650 903 1725 longinquiore
933 1650 1074 1711 fortasse
1103 1651 1236 1725 regione
1266 1653 1394 1713 sivein

171 1766 359 1839 Aegyptum
393 1764 465 1824 sive
498 1765 532 1823 in
567 1762 739 1823 Graeciam
774 1763 904 1823 venerit
934 1762 1058 1838 fabula,
1090 1763 1152 1823 boo
1182 1765 1279 1826 modo
1310 1765 1395 1826 scire

170 1870 339 1951 cupientes
361 1878 450 1938 sitne
472 1892 531 1952 per
553 1878 741 1950 Aegyptum
765 1876 899 1936 invecta
917 1876 950 1935 in
970 1875 1141 1937 Graeciam
1161 1892 1203 1937 an
1222 1893 1280 1953 per
1299 1878 1392 1939 Grae·

170 1990 254 2049 ciam
277 1991 312 2050 in
336 1991 541 2065 Aegyptum,
569 2003 612 2049 an
637 2021 677 2032 -
702 2003 781 2049 nam
804 1990 944 2049 tertium
968 2003 1096 2062 quoque
1118 1990 1217 2050 datur
1242 2023 1280 2034 -
1306 1991 1393 2050 simi·

169 2101 217 2163 les
239 2104 274 2162 in
297 2102 435 2164 Graecia
457 2104 492 2162 01
514 2103 548 2162 in
571 2102 724 2177 Aegypto
746 2104 845 2162 notae
867 2102 992 2164 fuerint
1012 2103 1233 2178 narrationes,
1258 2103 1329 2164 sive
1352 2120 1393 2164 ex

171 2216 303 2276 Oriente
337 2218 370 2276 et
403 2215 468 2276 huc
501 2217 535 2275 et
569 2214 648 2274 illuc
680 2213 793 2274 illatae
827 2214 899 2274 sive
930 2214 963 2273 in
994 2214 1076 2289 ipsis
1106 2214 1175 2275 illis
1203 2215 1392 2291 regionibus

168 2333 285 2406 sponte
308 2332 454 2391 exortae.

211 2444 297 2505 Nam
317 2443 395 2504 licet
413 2442 553 2504 libenter
572 2442 790 2503 concedamus
806 2438 840 2501 Ο.
854 2439 891 2501 0.
904 2439 1059 2501 Muellero
1072 2441 1237 2511 (Orchom.
1250 2443 1266 2502 I
1277 2459 1308 2518 p.
1322 2444 1391 2520 88),

168 2557 249 2617 nihil
269 2556 592 2630 obstare-quominus
611 2554 694 2615 haec
713 2553 824 2614 fabula
842 2553 969 2627 origine
988 2553 1267 2628 indo-germanica
1278 2555 1390 2632 fuerit,

167 2673 280 2732 tamen
300 2685 367 2744 non
387 2670 551 2744 videmus,
573 2684 631 2729 cur
650 2668 878 2742 Masperonem
895 2667 1012 2726 ducem
1024 2667 1117 2740 sequi
1128 2682 1321 2729 recusemus
1333 2685 1392 2730 suo

167 2784 235 2845 iure
266 2784 429 2858 originem
461 2783 691 2865 aegyptiacam
722 2781 753 2841 ei
775 2780 978 2840 tribuentem
1001 2779 1106 2849 (Gont.
1130 2780 1274 2842 XXXIX
1296 2788 1396 2856 800).-

165 2896 275 2970 Neque
305 2897 474 2956 nescimus
502 2895 662 2954 Steinium
687 2893 806 2954 Herod.
830 2887 864 2951 1⁸
886 2908 917 2967 p.
944 2893 1007 2954 136
1032 2896 1212 2956 annotasse
1234 2895 1390 2969 tabellam

166 3008 292 3084 origine
332 3024 399 3069 non
433 3007 662 3083 aegyptiacam
696 3006 813 3083 videri,
849 3005 996 3080 lepidum
1031 3007 1119 3067 enim
1154 3006 1250 3067 illum
1283 3008 1390 3070 iurem

165 3121 339 3197 militibus,
361 3122 417 3196 qui
436 3121 550 3182 fratris
569 3134 688 3194 corpus
707 3119 926 3195 custodirent,
947 3117 1082 3179 barbam
1103 3121 1256 3182 dextram
1267 3124 1391 3184 rasisse

165 3236 242 3312 dici,
274 3236 456 3310 Aegyptios
478 3250 556 3295 vero
580 3233 716 3295 barbam
740 3248 806 3294 non
829 3233 968 3307 aluisee;
992 3233 1050 3292 sed
1074 3234 1302 3294 adversarium
1325 3236 1389 3296 ido·

166 3364 265 3410 neum
300 3347 368 3422 hic¹
387 3349 516 3408 invenit
551 3349 589 3408 A.
626 3341 901 3407 Wiedemannum
933 3345 1108 3416 (Herodoto
1136 3346 1272 3407 zweites
1298 3349 1390 3409 Buch

165 3462 227 3522 mit
258 3461 448 3522 sacblichsn
478 3461 739 3534 Erlauterungen
772 3459 883 3535 1890),
912 3459 967 3532 qui
991 3460 1165 3519 annotavit
1188 3460 1257 3520 iam
1279 3476 1391 3535 regem

164 3575 385 3650 Amenophim
416 3574 462 3633 IV
492 3575 617 3634 milites
643 3573 796 3633 barbatos
820 3572 975 3632 babuisse
997 3572 1243 3649 stipendiarios,
1269 3575 1390 3649 Libyos

165 3704 240 3749 vero
267 3687 491 3749 conductitios
513 3687 590 3747 inde
613 3702 633 3747 a
655 3687 810 3760 dynastia
832 3685 929 3746 XIXa
952 3685 1106 3746 barbatos
1129 3687 1163 3746 in
1187 3686 1391 3762 imaginibus

164 3818 334 3880 apparere,
369 3817 497 3863 necnon
532 3801 690 3862 Herodoti
724 3809 872 3875 tempore
903 3802 990 3860 hunc
1020 3814 1146 3861 morem
1177 3800 1211 3859 in
1240 3800 1390 3860 exercitu

164 3916 401 3992 Aegyptiorum
437 3916 593 3977 valuisse.
624 3916 715 3976 Idem
746 3914 994 3990 Aegyptologus
1024 3915 1090 3974 alia
1120 3930 1247 3988 quoque
1277 3914 1388 3991 docet,

163 4030 280 4104 quibus
309 4031 359 4091 uti
389 4033 513 4106 potest,
546 4030 602 4104 qui
633 4029 795 4104 originem
824 4029 1065 4103 Aegyptiacam
1096 4031 1229 4088 nostrae
1259 4027 1389 4088 fabulae

161 4143 335 4204 defendere
366 4143 508 4203 studeat.
539 4143 624 4204 Nam
656 4142 759 4203 cellae
789 4143 951 4219 occultae,
979 4144 1095 4217 quales
1119 4143 1267 4218 depingit
1289 4143 1388 4204 Hero·

162 4255 272 4329 dotus,
312 4255 359 4315 ibi
396 4255 560 4331 plurimae
595 4257 675 4316 sunt
708 4260 871 4332 repertae,
908 4271 990 4330 quas
1023 4257 1149 4318 intrare
1182 4257 1248 4317 nisi
1281 4258 1389 4333 lapide

162 4369 289 4429 remoto
319 4384 419 4429 nemo
445 4371 594 4445 poterat;
618 4372 718 4430 vetus
742 4385 869 4443 quoque
893 4373 1008 4430 textus
1030 4374 1195 4447 superest,
1221 4371 1315 4432 cuius
1338 4374 1389 4430 est

159 4481 387 4557 interpretatio
422 4481 523 4541 haec:
561 4481 709 4557 ,Krypta
743 4482 891 4557 profanis
925 4489 975 4543 est
1007 4484 1138 4558 ignota;
1170 4486 1224 4559 qui
1254 4486 1388 4545 ianuam

160 4596 296 4668 quaeret
325 4610 391 4655 non
421 4596 570 4655 inveniet
600 4597 731 4670 praeter
762 4595 900 4657 deorum
931 4598 1144 4673 prophetae.”
1167 4599 1239 4659 Mos
1262 4614 1391 4673 quoque

161 4707 439 4783 obsignandorum
469 4708 633 4785 locorum,
662 4724 745 4783 quae
769 4711 852 4771 inire
876 4727 942 4772 non
966 4713 1097 4790 licebat,
1122 4728 1179 4788 per
1201 4714 1388 4790 Aegyptum
