3525 5692
883 739 926 784 D}
948 737 1172 784 muamus·

589 923 678 992 φηγῷ
700 911 808 983 dudm
829 907 964 994 ιιρέμνρ·
987 907 1102 970 τέλεσιν
1125 906 1159 970 δέ
1180 931 1226 970 ror
1248 909 1331 986 ἱερὸν
1347 906 1453 970 ‘Iunci'

589 1024 681 1087 αλιιαλ
703 1021 732 1087 d’
755 1017 861 1099 „olm
883 1019 1021 1085 ὕνασσα”
1044 1021 1113 1102 ιιιρλ
1134 1023 1245 1101 opilo
1268 1021 1452 1102 ὠρχήσαντο,

588 1150 692 1222 πρῶνα
713 1137 770 1218 μέν
788 1138 822 1201 έν
844 1137 1002 1200 σακέεσσιν
1025 1135 1177 1212 ένέιιλιον,
1199 1131 1277 1200 αὖθι
1300 1136 1333 1201 δέ
1354 1141 1453 1225 noxior

587 1255 773 1332 σιησάμιναι
794 1253 885 1332 χορὸν
908 1252 1011 1332 εὗρόν·
1033 1251 1185 1330 ὑπήιισαν
1208 1249 1242 1314 δέ
1262 1254 1369 1333 λίγειαι

587 1365 749 1429 λεπταλέον
772 1368 927 1448 σύριγγες,
950 1367 1002 1427 ἵνα
1024 1367 1199 1444 ιιλήσσασιν
1221 1363 1351 1451 ὁμαρτῇ,

1115 1479 1150 1540 αἱ
1170 1477 1204 1541 δέ
1226 1479 1372 1541 πόδεσσιν

586 1587 664 1656 οὖλα
685 1596 944 1673 νατειιροιάλιζον,
966 1591 1140 1669 έιιιψόφεον
1163 1589 1196 1653 ol
1218 1591 1372 1673 φαρέτραι.

407 1710 456 1770 lin
484 1711 587 1785 igitur
617 1710 764 1785 virginea
793 1711 961 1782 armatae,
988 1709 1226 1783 Amazonidos,
1257 1709 1383 1769 circum
1413 1708 1535 1769 Dianae
1559 1709 1630 1769 ima·

405 1823 519 1898 ginem
541 1823 653 1898 tagino
674 1823 736 1883 sub
755 1826 873 1883 trunco
893 1824 1039 1884 erectam
1058 1822 1217 1882 ducentes
1235 1822 1390 1895 chorum;
1409 1822 1504 1882 deam
1525 1825 1630 1885 autam

407 1937 567 1998 invocant
590 1936 701 1997 verbis
725 1927 829 2012 ‚olm
851 1932 1004 1996 ἅνασοα”.
1052 2001 1055 2006 ,

451 2050 534 2125 Upis
558 2051 611 2110 vel
635 2050 714 2126 Opis
737 2050 819 2110 illud
841 2064 979 2125 nomen,
1000 2063 1020 2108 a
1039 2047 1193 2110 cicerone
1211 2063 1340 2123 quoque
1358 2043 1380 2112 ll
1400 2052 1629 2124 memoratum,

406 2163 551 2237 quadam
574 2166 674 2224 tenus
696 2163 886 2224 illustratur
908 2162 1071 2222 Athenaei
1091 2161 1323 2222 observatione
1338 2156 1373 2237 h,
1398 2163 1546 2223 carmina
1568 2161 1632 2230 Dia-

407 2291 471 2337 nae
505 2277 539 2337 in
573 2277 734 2337 honorem
768 2278 906 2336 cantata
939 2276 1112 2336 nominata
1144 2274 1249 2336 fuisse
1279 2273 1453 2354 οὐαίγγοος.
1485 2276 1630 2337 Scholion

410 2392 526 2450 autom
545 2390 587 2450 ad
605 2390 712 2465 Apoll.
732 2389 837 2450 Rhod.
857 2389 874 2448 Ι
892 2403 943 2450 vs.
963 2389 1029 2448 972
1041 2388 1149 2450 lucem
1163 2387 1259 2449 affert
1270 2388 1461 2451 clariorem:
1476 2387 1632 2468 „odnayyog

408 2501 492 2581 παρὰ
517 2502 777 2583 Τροιζηνίοις
800 2502 842 2575 ελς
858 2500 999 2580 ’Ἄρτεμιν
1021 2502 1150 2578 ὕμνος”.

451 2618 617 2679 Troezene
635 2617 737 2692 igitur
755 2616 861 2678 Diana
880 2607 980 2688 Ολιιις
999 2616 1170 2690 audiebat;
1188 2616 1234 2676 ibi
1245 2617 1422 2678 exercebat
1433 2617 1551 2678 choros
1562 2618 1629 2689 dea,
1726 2633 1727 2638 ¹

1085 2745 1186 2804 quam
1209 2730 1303 2791 mille
1326 2734 1461 2792 secutae

541 2844 618 2905 hinc
641 2846 741 2919 atquo
764 2844 842 2905 hinc
864 2843 1093 2918 glomerantur
1115 2844 1270 2905 oreades:
1294 2843 1351 2904 illa
1373 2844 1564 2919 pharetram

540 2959 606 3020 fert
628 2970 758 3033 nmero,
783 2959 1003 3034 gradiensque
1026 2958 1104 3019 deas
1128 2959 1354 3033 supereminet
1375 2960 1495 3020 omnis.

451 3072 518 3133 Nec
536 3072 752 3132 immemores
771 3085 890 3131 sumus
908 3071 1017 3146 ipsam
1034 3070 1202 3133 Troezena
1213 3070 1345 3132 fabulae
1357 3071 1527 3146 Hippolyti
1539 3071 1632 3132 luisse
1724 3137 1725 3140 Ἴ

406 3201 557 3260 scenam,
582 3187 645 3247 hac
668 3187 703 3247 in
725 3186 806 3246 urbe
829 3186 1012 3247 Amazonis
1034 3186 1130 3247 illum
1153 3185 1259 3247 lilium
1283 3188 1409 3247 vixisse
1431 3189 1633 3258 mortemque

405 3300 540 3374 obiisse,
565 3300 610 3359 ibi
632 3300 828 3374 praesertim
852 3299 1008 3360 sonuisse
1031 3301 1162 3360 cantica
1183 3300 1280 3373 quale
1302 3300 1366 3360 fuit
1388 3300 1612 3375 Euripideum:

854 3524 955 3598 Ζανὸς
978 3524 1137 3606 γένεθλον,

807 3411 917 3473 πότνια
940 3411 1050 3473 ιιόινια
1073 3413 1254 3491 deponente,

810 3643 896 3718 χαῖρε
918 3637 1002 3719 χαῖρέ
1025 3662 1091 3719 μοι,
1113 3632 1137 3701 ὦ
1160 3639 1236 3721 ιιόρα

807 3753 950 3813 ιιαλλλοτα
972 3753 1051 3815 πολὺ
1074 3751 1251 3831 παρθένων.

407 3865 488 3940 Quid
520 3866 642 3927 multa:
673 3867 820 3928 Troezen
851 3867 944 3944 urbs,
976 3869 1005 3928 si
1036 3884 1121 3942 quae
1151 3868 1230 3943 alia,
1259 3869 1337 3944 Opis
1359 3868 1482 3929 Dianae
1504 3869 1632 3942 eiusque

405 3979 568 4039 sociarum
597 3981 687 4040 cultu
711 3983 783 4040 erat
805 3981 949 4056 insignis
963 3974 996 4052 3).
1020 3982 1089 4042 Dea
1111 3982 1170 4042 illa
1192 3984 1262 4043 tam
1286 3985 1394 4044 terrae
1415 3997 1514 4056 quam
1539 3981 1632 4043 maris

405 4091 608 4153 dominatrix
635 4093 869 4167 potentissima
892 4097 926 4154 et
948 4095 1161 4171 saevissima,
1186 4097 1325 4156 naturae
1348 4097 1417 4156 vim
1441 4095 1632 4157 indomitam

404 4206 514 4280 specie
544 4206 687 4267 ‘caelesti
722 4210 989 4284 repraesentans,
1027 4210 1121 4269 cuius
1155 4209 1335 4270 adventum
1372 4212 1573 4270 nocturnum
1605 4207 1631 4265 in

404 4320 500 4380 silvis
523 4320 756 4397 significabant
778 4323 942 4397 procellae
965 4325 1161 4412 arridentes,
1182 4325 1215 4385 in
1235 4326 1320 4385 mari
1339 4324 1463 4385 fluctus
1481 4321 1633 4385 commoti

403 4449 587 4510 spumaque
616 4438 799 4514 conspersi,
831 4438 911 4499 licet
941 4453 1104 4514 nusquam
1130 4454 1197 4499 non
1218 4453 1276 4514 per
1296 4439 1469 4500 Graeciam
1493 4437 1533 4498 ab
1559 4437 1630 4514 agri-

438 4709 458 4776 ¹)
477 4714 536 4763 Nat.
554 4713 630 4764 Deor.
649 4718 691 4764 111
708 4719 749 4766 λθ.
1018 4720 1038 4779 ²)
1056 4721 1114 4770 nv
1132 4737 1158 4782 p.
1177 4724 1235 4770 ala.

437 4802 456 4864 ²)
474 4807 511 4854 ol.
534 4807 638 4856 Griech.
659 4808 734 4857 Festa
751 4811 786 4856 ll.
805 4809 834 4857 Ρ.
851 4812 957 4860 Nileson
975 4826 1002 4873 p.
1020 4815 1078 4860 208.
