3525 5692
695 739 736 784 nn
761 739 872 784 arnon.
1352 721 1392 780 57

169 925 272 986 usque
296 911 336 972 ad
359 910 490 971 Ionium
514 923 607 970 mare
628 909 810 983 invasissa;
832 909 969 970 huiusce
988 909 1098 984 populi
1118 909 1232 983 quinto
1252 906 1397 966 exeunte

167 1025 299 1086 saeculo
322 1023 477 1097 reliquias
499 1022 669 1084 habitasse
693 1023 867 1098 Lampsaci
893 1023 1064 1097 viciniam,
1088 1038 1163 1082 cum
1187 1021 1228 1080 ad
1252 1020 1395 1093 Strymo·

169 1154 246 1199 nem
287 1139 411 1199 flumen
451 1137 567 1200 eodem
604 1138 756 1212 tempore
789 1136 1020 1198 invenirentur
1053 1135 1255 1196 Teucrorum
1291 1131 1396 1195 coloni

167 1251 313 1312 Paeones.
345 1250 444 1312 Teste
472 1248 647 1311 Heraclide
669 1249 806 1310 Pontico
831 1249 918 1323 apud
942 1250 1168 1323 Athenaeum,
1194 1245 1296 1307 Mileti
1320 1259 1395 1318 quo·
1448 1292 1451 1297 ,

167 1379 230 1439 que
270 1363 506 1438 antiquissima
546 1362 731 1423 incolarum
774 1377 864 1437 pars,
909 1375 1010 1436 quam
1044 1359 1254 1422 subiecerant
1289 1357 1395 1420 coloni

169 1479 295 1556 Graeci,
329 1478 533 1540 vocabantur
562 1477 746 1552 Gergithes.
778 1475 912 1550 aergini
935 1476 1037 1536 etiarn
1061 1473 1172 1550 Cyprii
1195 1474 1328 1544 (Athen.
1352 1471 1396 1531 Vi

169 1595 247 1664 256)
280 1592 321 1654 ab
354 1593 479 1667 origine
514 1591 629 1653 Teucri
666 1593 779 1664 erant;
811 1590 929 1650 Teucri
957 1604 1035 1650 vero
1066 1603 1188 1649 nomen
1220 1587 1254 1647 in
1284 1585 1398 1648 Cilicia

168 1705 427 1768 usitatissimum
456 1705 559 1765 fuisse
582 1705 701 1765 docent
723 1705 941 1765 monumenta
963 1701 1173 1778 epigraphlca
1196 1700 1396 1770 (Kretschm.

165 1837 196 1895 p.
227 1820 311 1894 190),
346 1832 474 1879 necnon
508 1817 698 1878 sacerdotes
732 1815 836 1876 diales
869 1815 969 1877 Olbae
1000 1813 1251 1891 appellabantur
1281 1812 1397 1874 Teucri

169 1931 287 2003 (Strab.
312 1932 388 1993 XIV
414 1933 501 2002 642).

213 2047 258 2107 At
277 2047 399 2107 iterum
420 2059 596 2106 monemus
617 2045 702 2121 apud
718 2044 903 2105 Homerum
922 2043 1011 2105 illius
1031 2043 1198 2118 gentisne
1218 2042 1395 2104 minimum

170 2161 303 2234 quidem
326 2175 500 2237 superesse
522 2159 715 2234 vestigium.
745 2158 908 2219 Teucrum
932 2171 1008 2219 eum
1036 2157 1157 2229 habere
1180 2170 1237 2231 pro
1261 2155 1395 2216 Graeco.

170 2274 326 2350 Quodque
357 2275 433 2350 plus
463 2277 529 2351 est,
554 2276 631 2334 ante
655 2272 827 2334 saeculum
851 2273 1043 2347 septimum,
1067 2285 1131 2344 quo
1154 2285 1236 2331 aevo
1255 2284 1396 2344 magnae

170 2389 320 2462 gentium
362 2388 629 2464 immigrationes
671 2387 786 2448 Asiam
822 2385 975 2446 turbasse
1009 2385 1164 2446 videniur
1197 2385 1397 2446 Teucrorum

169 2518 293 2565 nornen
318 2519 482 2578 nusquam
507 2502 661 2577 appareti
686 2501 750 2560 Res
774 2503 826 2561 est
847 2500 1047 2561 intricatior!
1075 2499 1138 2560 Sed
1161 2498 1338 2559 attendite!

214 2617 325 2691 Mysos
348 2633 423 2678 cum
447 2616 582 2677 Teucris
603 2615 637 2674 in
661 2614 826 2689 Europam
845 2613 1011 2673 invasisse
1029 2612 1180 2687 perhibet
1198 2610 1395 2672 Herodotus.

170 2732 214 2792 At
237 2730 403 2792 Homerus
428 2730 539 2804 Mysos
563 2729 670 2804 novit,
700 2743 764 2789 non
788 2727 920 2802 quidem
952 2729 985 2787 in
1009 2726 1090 2787 Asia
1112 2726 1170 2787 sed
1194 2726 1227 2785 in
1250 2723 1395 2798 Europa:
1439 2741 1466 2771 a

568 2840 669 2913 (Ζεὺς)
693 2837 726 2900 δὲ
748 2827 840 2900 πόλιν
863 2838 969 2919 τρέπεν
994 2836 1063 2901 όοσε
1087 2838 1217 2914 φαεινώ,

346 2958 458 3034 νόσφιν
482 2955 531 3033 ἐφ’
555 2956 734 3016 ἱπποπόλων
762 2956 902 3034 Θρηικῶν
921 2955 1137 3035 καθορώμενος
1160 2946 1232 3012 αἶαν

303 3092 305 3096 ·
345 3075 467 3131 Μυσῶν
490 3065 511 3130 τ’
533 3069 708 3149 ἀγχεμάχων
723 3067 782 3159 ναὶ
806 3067 930 3150 ἀγαυῶν
948 3063 1164 3148 Ἱππημολγῶν
1195 3070 1240 3139 (Ν
1261 3070 1280 3128 3
1300 3071 1394 3141 sqq).

209 3185 281 3244 Iam
305 3185 422 3246 Strabo
446 3184 638 3245 observavit
661 3185 720 3245 hos
744 3184 856 3258 Mysos
880 3183 1037 3257 reliquias
1060 3182 1164 3242 luisse
1186 3197 1315 3256 eorum,
1341 3181 1395 3253 qui

167 3312 209 3358 ex
243 3298 372 3372 Europa
405 3301 439 3359 in
469 3299 584 3360 Asiam
616 3299 865 3372 immigrarant:
895 3297 1116 3370 antiquiorem
1140 3297 1227 3356 enim
1252 3295 1394 3370 patriam

165 3410 268 3471 fuisse
292 3410 466 3471 Thraciam
489 3411 572 3487 (vii,
598 3427 628 3486 p.
655 3412 739 3481 295).
761 3410 952 3485 Thraemer‚
974 3409 1191 3470 Kretschmer
1210 3423 1286 3469 cum
1308 3408 1393 3467 Stra·

165 3523 248 3584 bone
272 3523 408 3585 iaciunt.
434 3523 526 3586 Unde
550 3526 701 3598 sequitur
725 3524 930 3600 Herodotum
952 3537 1099 3599 errasse,
1120 3523 1232 3596 Mysos
1251 3522 1395 3582 animer

166 3637 334 3697 occidente
365 3638 526 3698 orientem
560 3653 676 3700 versus
708 3637 959 3712 commigrasse.
995 3636 1123 3711 „Heute
1146 3637 1191 3696 ist
1214 3636 1265 3696 die
1288 3636 1396 3709 einzig

164 3751 367 3826 berechtigte
401 3752 556 3827 Ansicht‚
590 3753 668 3812 dass
704 3751 756 3811 die
791 3751 961 3825 Richtung
992 3750 1049 3810 der
1079 3749 1292 3824 Wanderung
1322 3749 1394 3810 eine

166 3865 381 3940 umgekehrte
416 3867 569 3940 gewe'sen
604 3866 663 3940 ist,
699 3866 777 3925 dass
811 3865 974 3927 vielmchr
1009 3865 1060 3926 die
1100 3865 1209 3939 Myser
1243 3864 1308 3925 und
1344 3862 1395 3923 die

165 3978 265 4039 ihnen
296 3980 512 4040 verwandten
542 3978 662 4039 Volker
693 3993 754 4039 aus
785 3978 915 4053 auropa
945 3979 1031 4039 nach
1053 3980 1154 4039 Asien
1178 3977 1396 4052 iibergctlutet

166 4092 254 4167 sind,
279 4091 432 4153 ziemlich
457 4093 635 4167 allgemein
660 4092 878 4152 anerlrannt”.
904 4093 1103 4162 (Kretschm.
1128 4109 1158 4168 p.
1186 4092 1259 4161 173)

211 4204 347 4266 Paeonas
370 4221 511 4282 quoque,
545 4220 628 4279 quos
651 4205 840 4266 Herodotus
858 4221 921 4280 pro
945 4207 1058 4266 colonae
1084 4205 1275 4267 Teucrorum
1299 4206 1394 4266 Troa·
1439 4228 1448 4253 ι

164 4319 240 4379 dem
264 4319 485 4380 habitantium
509 4318 637 4394 habuit,
658 4319 807 4379 hodierni
828 4319 888 4378 viri
909 4320 995 4380 docti
1017 4335 1059 4380 ex
1078 4320 1192 4394 Illyria
1203 4320 1396 4396 provenisse

103 4411 104 4415 ¹
162 4433 289 4506 putant.
321 4431 552 4508 (Tomaschek,
586 4431 733 4492 Thraher
757 4433 772 4491 Ι
799 4433 838 4492 13
863 4438 958 4507 sqq).
982 4432 1149 4495 Homerus
1180 4448 1308 4508 quoque
1338 4448 1396 4494 eos

162 4545 265 4605 novit.
297 4544 440 4606 Ubinam
473 4560 529 4606 eos
561 4544 731 4605 habitasse
760 4547 904 4606 cecinit?
936 4548 973 4607 In
997 4547 1153 4608 Thracia!
1179 4551 1258 4609 sunt
1282 4550 1393 4608 autern

162 4657 380 4720 Troianorum
405 4659 486 4720 socii
510 4656 722 4737 ἀγκυλότοξοι,
746 4658 943 4739 δολιχεγχέες,
967 4660 1189 4740 ἱπποκορυσταί
1196 4707 1204 4739 ,
1228 4677 1310 4736 quos
1330 4663 1399 4736 agit

1158 4760 1177 4790 Q

163 4787 223 4833 rex
247 4772 416 4867 Quas
