3525 5692
399 681 464 739 112
919 698 960 740 os
981 699 1093 742 1111111.

393 869 521 930 aeaut
551 870 735 930 scholiasta
766 869 887 944 aliquis
926 869 969 928 ad
1003 868 1264 943 callimachum
1300 871 1379 931 iude
1410 871 1447 932 111
1480 871 1619 930 Taetsae

394 983 521 1057 scripta
539 983 805 1058 transmigravit.

437 1096 502 1156 Illa
522 1111 666 1172 quoque,
688 1112 774 1171 quac
795 1096 974 1156 traduntur
995 1097 1029 1156 iu
1052 1096 1178 1157 scholio
1200 1097 1243 1156 ad
1265 1098 1427 1173 Lycopbr.
1451 1099 1549 1160 Alex.
1571 1114 1619 1158 vs.

395 1211 493 1286 1159,
516 1210 732 1271 inveniuntur
753 1209 840 1284 apud
860 1209 1021 1268 Taetzam
1044 1210 1135 1270 bisce
1156 1211 1267 1270 verbis
1289 1215 1464 1286 concepta:

442 1321 578 1400 ,συνέβη
609 1334 665 1406 μιᾷ
697 1331 758 1382 τῶν
791 1323 959 1400 Λοιρδδαν
992 1320 1172 1404 malopem
1210 1323 1425 1400 διαφθαρῆναι
1457 1321 1509 1383 ἔνι’
1540 1345 1619 1394 ιινος

393 1434 494 1510 λόφου
521 1443 575 1514 τῆς
599 1436 709 1514 Τροίας
729 1434 924 1511 καλουμένου
949 1435 1120 1513 Τρᾶρινος.
1143 1429 1206 1496 εδια
1228 1435 1300 1507 τοὺς
1322 1435 1466 1514 amobe
1487 1435 1545 1513 τὴν
1565 1432 1619 1512 μὲν

394 1549 511 1626 δάψαι,
532 1557 683 1626 σιιηῆσαι
706 1545 742 1608 δὲ
761 1546 815 1608 ναὶ
835 1546 943 1625 portu
964 1546 1097 1626 νέμειν
1115 1547 1169 1621 τὰς
1186 1550 1316 1626 παῖδας,
1332 1550 1500 1622 δοκοῦντας
1510 1553 1621 1625 πιλη-

393 1669 516 1742 ρόσδιιι
543 1663 597 1724 ιδν
624 1673 686 1724 τῶν
707 1661 783 1723 διῶν
803 1663 925 1742 χρόνον.
949 1660 966 1723 ὁ
990 1659 1024 1722 δὲ
1045 1661 1179 1741 χρησμὸς
1201 1662 1261 1724 οὖα
1282 1657 1341 1741 εἶχε
1363 1664 1474 1742 χρόνον
1497 1659 1619 1740 descpi-

392 1755 450 1838 νον
471 1775 547 1837 ἀλλὰ
568 1775 638 1837 dni
657 1785 712 1855 τῆς
733 1774 854 1848 ιἰδινδας
875 1784 929 1853 τῆς
951 1776 1135 1855 Κασάνδρας
1159 1775 1269 1852 ἐδήλου
1291 1775 1422 1836 στέλλειν
1444 1776 1503 1836 δύο
1520 1774 1618 1852 κόρας.

392 1889 543 1968 ἀκαρπίας
573 1887 607 1950 δὲ
635 1889 709 1966 μετὰ
736 1888 793 1966 τὴν
820 1897 937 1949 καῦσιν
960 1898 1014 1966 τῆς
1035 1890 1149 1962 θυσίας
1172 1891 1382 1969 κατασχούσης
1402 1889 1458 1966 τὴν
1480 1889 1619 1967 Λοκρίδα

393 2006 486 2064 σαΊιν
510 2003 660 2080 ἔπεμπον,
680 2001 783 2063 odrice
808 2003 866 2063 δύο
889 2000 966 2062 ἀλλὰ
988 2002 1079 2080 μίαν,
1100 2001 1259 2081 ἀρκοῦσαν
1281 1997 1361 2062 εἶναι
1384 2003 1546 2074 δοκοῦντες
1566 2001 1619 2078 τὴν

393 2117 573 2196 τιμαρίαι·”.

437 2231 564 2292 collato
590 2231 717 2292 scbolio
742 2231 786 2290 ad
816 2245 864 2291 vs.
899 2231 985 2291 1159
1009 2231 1117 2292 denuo
1139 2235 1279 2305 apparet
1300 2231 1458 2291 Taetzam
1480 2231 1618 2291 eandem

389 2361 464 2406 rem
492 2345 551 2405 sed
577 2345 686 2405 fusius
715 2345 918 2419 descriptam
940 2344 1110 2420 praebere,
1135 2344 1213 2404 stilo
1237 2348 1351 2406 autem
1374 2345 1620 2429 neglegentium

391 2459 444 2528 (cf.
467 2459 614 2533 primum
636 2458 805 2528 δοκοῦντας
827 2473 887 2532 pro
910 2456 1101 2531 φάσιονιαςς
1130 2457 1223 2517 πάλιν
1245 2456 1302 2534 τὴν
1323 2457 1464 2536 Λοιρίδα
1486 2474 1545 2533 pro
1568 2455 1620 2532 τὴν

392 2577 432 2630 Λ.
454 2593 487 2630 ιι.
508 2572 651 2632 Tzetzae
671 2572 905 2648 imputandum
931 2588 998 2632 non
1021 2576 1097 2643 est).

436 2685 519 2760 Quid
548 2686 649 2760 igitur
675 2701 794 2747 omues
814 2689 932 2747 textus
954 2691 1071 2748 nostra
1093 2689 1263 2749 sententia
1285 2705 1347 2750 nos
1367 2689 1509 2750 docent?
1532 2689 1620 2749 Sem·

391 2814 451 2874 per
479 2799 564 2859 duas
592 2799 739 2874 virgines
767 2815 872 2872 usque
902 2801 944 2860 ad
974 2801 1099 2861 bellum
1131 2803 1334 2862 Phocaicum
1358 2803 1525 2863 Minervae
1547 2803 1619 2862 Tro·

389 2913 488 2972 ianae
518 2913 553 2972 111
582 2913 707 2988 templo
736 2913 853 2973 servili
883 2913 1016 2974 functas
1045 2930 1119 2975 esse
1149 2915 1269 2990 efficio,
1293 2930 1476 2989 numquam
1499 2914 1620 2990 plures.

391 3026 476 3084 'l'um
488 3026 639 3100 demum,
656 3026 686 3085 si
697 3026 804 3085 altera
821 3028 912 3086 esset
929 3030 1077 3102 mortua,
1097 3042 1116 3087 e
1133 3029 1272 3090 Locride
1291 3030 1434 3090 missam
1452 3041 1620 3101 8888111188

390 3140 422 3198 ei
454 3138 662 3214 succederet,
695 3139 745 3198 ita
777 3141 817 3198 ut
849 3154 983 3215 semper
1015 3141 1101 3201 duae
1135 3142 1169 3201 in
1205 3142 1286 3202 aede
1319 3141 1435 3202 Iliensi
1468 3141 1622 3202 adessem

389 3252 553 3312 Locrides.
577 3251 741 3310 Mortuam
765 3266 857 3328 vero,
882 3252 956 3312 sive
980 3253 1015 3312 in
1034 3253 1107 3328 ipso
1126 3254 1252 3328 templo
1271 3253 1482 3315 discessisset
1500 3269 1519 3314 e
1537 3253 1619 3328 vita,

388 3366 460 3424 sive
483 3365 617 3424 incauta
638 3366 737 3425 extra
759 3364 876 3424 aedem
901 3380 1036 3438 egressa
1059 3366 1179 3426 obruta
1202 3370 1294 3427 esset
1315 3366 1493 3441 lapidibus,
1517 3365 1621 3440 sepul·

388 3484 459 3559 tam
482 3492 549 3538 non
568 3492 653 3552 esse,
677 3477 737 3537 sed
757 3477 967 3537 combustam
987 3479 1086 3552 lignis
1110 3480 1316 3553 agrestibus;
1336 3480 1493 3553 quidquid
1511 3494 1619 3553 super·

389 3593 480 3651 esset
504 3591 590 3650 mari
612 3605 687 3650 esse
714 3590 925 3650 mandatum.
948 3591 1145 3652 Persecutoe
1169 3606 1244 3652 essa
1267 3591 1426 3653 'I'roiauos
1449 3592 1621 3666 virginem,

389 3717 472 3776 quae
494 3702 715 3763 Locrensibus
736 3703 876 3763 ducibus
897 3704 933 3762 iu
953 3704 1069 3764 urbem
1087 3702 1233 3780 irrepere
1251 3707 1435 3766 conaretur.
1456 3705 1621 3777 Antiquis-

386 3816 483 3876 simis
512 3815 657 3876 fortasse
684 3816 892 3890 temporibus
922 3817 1100 3893 virginem,
1131 3819 1162 3878 si
1185 3822 1368 3895 caperetur,
1391 3833 1467 3880 asse
1489 3817 1619 3878 obtrun-

385 3931 496 3989 catam
526 3931 625 4002 atque
653 3928 770 3989 eodem
800 3929 899 3989 modo
929 3930 1150 3990 combustam.
1182 3931 1259 3992 Mox
1280 3934 1395 3992 autem
1417 3932 1490 3992 sive
1513 3929 1619 4004 negle

386 4042 500 4116 gentia
527 4041 762 4101 insidiatorum
793 4043 866 4102 sive
896 4043 1018 4104 ducum
1047 4045 1232 4117 sagacitate
1256 4044 1411 4106 Locrides
1433 4059 1566 4118 semper
1588 4043 1620 4101 111

388 4154 553 4230 tempium
587 4155 792 4229 pervenisse,
829 4155 934 4215 donec
965 4156 1147 4217 infortunio
1179 4159 1323 4230 quodam
1357 4173 1423 4218 una
1452 4158 1486 4216 111
1509 4158 1622 4216 monte

384 4268 528 4329 Γ11110111
563 4270 707 4328 mortem
742 4268 859 4328 obiret.
895 4269 1022 4330 Dehinc
1053 4285 1152 4330 usum
1184 4287 1258 4332 esse
1290 4271 1535 4345 intermissum,
1564 4269 1620 4328 sed

386 4382 517 4442 oraculo
542 4384 697 4442 monente
718 4383 768 4442 ita
788 4384 1031 4458 instauratum,
1056 4386 1094 4443 ut
1118 4398 1184 4443 una
1206 4385 1304 4444 modo
1328 4399 1426 4445 serva
1445 4381 1620 4458 intemplo

386 4496 534 4570 adesset,
556 4497 610 4557 cui
633 4496 700 4556 alia
721 4497 788 4556 uisi
808 4501 963 4558 mortuae
987 4512 1053 4557 non
1076 4499 1280 4559 succederet.

429 4609 576 4670 Duarum
613 4612 791 4684 virginum,
824 4627 908 4685 quae
939 4613 1065 4686 primae
1096 4611 1200 4672 fuisse
1237 4613 1360 4672 missae
1393 4610 1616 4676 tradebantur,

384 4722 490 4783 altera
517 4738 640 4784 nomen
674 4726 810 4797 gerebat
840 4725 951 4784 Aiacis
983 4727 1117 4799 matris,
1159 4729 1194 4784 at
1224 4741 1291 4785 non
1321 4725 1433 4786 Aiacis
1467 4722 1616 4794 minoris,
