3525 5692
717 740 759 783 nn
783 739 893 784 11101.
1376 723 1418 781 45

190 932 263 992 sus,
296 915 415 988 quibus
438 913 556 989 incipit
574 912 657 974 liber
681 913 721 973 N.
745 912 919 986 Neptunus
942 906 1050 969 1111τὼ
1075 907 1185 967 Αἴαντε
1209 908 1249 968 ad
1273 923 1419 983 pugnam

189 1030 308 1091 incitat
338 1029 564 1105 remedioque,
596 1042 660 1101 quo
691 1025 769 1087 alibi
801 1027 834 1084 in
866 1023 969 1084 Iliade
1000 1023 1111 1083 nullus
1134 1023 1216 1082 deus
1240 1023 1353 1098 utitur,
1379 1021 1419 1081 ad
1451 1046 1474 1072 ν

191 1145 385 1205 certandum
411 1145 521 1219 magis
544 1159 601 1205 eos
625 1143 733 1203 reddit
754 1141 908 1202 idoneos:

372 1250 407 1338 ἦ,
428 1255 480 1316 καὶ
503 1256 661 1341 σκηπανίῳ
683 1253 826 1336 γαιήοχος
850 1252 1020 1334 ἕνοσίγαιος

373 1369 533 1452 ἀμφοτέρω
555 1368 691 1442 κεκοπὼς
710 1364 835 1448 ’πλῆσεν
858 1364 963 1446 μένεος
985 1370 1154 1448 κρατεροῖο,

372 1491 443 1567 γυῖα
467 1481 494 1546 δ’
521 1484 633 1564 ἔθηκεν
656 1481 787 1564 ἐλαφρὰ,
809 1481 908 1555 πόδας
931 1479 982 1542 καὶ
1004 1486 1103 1562 χεῖρας
1126 1481 1249 1562 ὕπερθε.
1299 1556 1302 1561 7

237 1601 310 1662 Miri
345 1616 479 1674 versus;
512 1616 570 1661 cur
600 1601 690 1661 enim
720 1599 819 1675 pedes
850 1597 1025 1658 celeriores
1056 1596 1314 1672 101000101113,
1339 1611 1420 1669 quos

192 1715 290 1776 modo
321 1714 508 1775 obsecravit
531 1714 626 1790 deus,
651 1716 688 1774 ut
711 1711 805 1774 firme
830 1711 1026 1773 insistentes
1049 1710 1225 1771 Hectorem
1249 1709 1420 1785 repellant.

178 1829 295 1903 ¹Magis
327 1844 444 1889 versus
468 1828 577 1904 placet
604 1829 629 1885 11
655 1828 730 1904 122,
757 1826 811 1886 ubi
834 1826 982 1886 Minerva
1004 1825 1199 1886 Diomedem
1222 1825 1262 1885 ad
1286 1825 1418 1885 hostem

189 1943 453 2016 persequendum
477 1942 603 2002 viribus
625 1941 722 2001 novis
746 1939 951 2001 corroborat:

682 2061 736 2114 τοῦ
761 2047 788 2113 δ’
815 2051 901 2112 ἔκλυε
925 2049 1048 2123 Παλλὰς
1073 2051 1202 2130 Ἀθήνη,

408 2173 479 2249 γυῖα
504 2163 531 2228 δ’
558 2167 671 2247 ἔθηκεν
695 2165 821 2248 ἐλαφρὰ,
844 2167 942 2238 πόδας
965 2163 1016 2227 καὶ
1039 2171 1138 2245 χεῖρας
1160 2165 1287 2243 ὕπερθε,

189 2282 280 2343 nulla
316 2299 392 2344 vero
428 2285 522 2359 virga
555 2282 874 2359 magica-adhibita.
907 2282 1001 2341 Talia
1031 2282 1121 2341 enim
1152 2281 1192 2340 ab
1216 2279 1317 2340 iliade
1341 2282 1421 2340 sunt

187 2397 295 2458 aliena
324 2398 508 2473 meliusque
536 2399 699 2470 quadrant
720 2396 755 2457 in
779 2397 963 2469 Odysseam
988 2399 1016 2466 (τ
1041 2395 1116 2470 238,
1142 2416 1159 2452 ν
1183 2395 1259 2470 429,
1284 2413 1306 2450 ττ
1333 2393 1418 2463 112).

189 2511 221 2568 Ω
253 2514 317 2572 343
348 2511 547 2588 excipimus,
572 2510 812 2586 emulamini,
837 2510 931 2570 utin
956 2509 1118 2585 Odyssea,
1143 2507 1323 2569 Mercurius
1346 2507 1418 2567 deo·

189 2641 264 2686 rum
288 2628 340 2687 est
362 2626 510 2687 nuntius.

221 2740 381 2816 Accedit,
414 2739 499 2814 quod
531 2737 702 2817 ναηττάνανν
722 2718 798 2798 Ι30111
820 2738 932 2813 potius
954 2736 1038 2813 regi,
1063 2736 1171 2809 qualis
1194 2737 1247 2798 est
1269 2736 1423 2796 Priamus

188 2855 241 2926 (ci.
261 2855 293 2912 n
313 2855 403 2930 247),
424 2852 665 2930 attribuamus,
686 2867 787 2927 quam
808 2853 868 2912 deo
888 2851 1038 2928 robusto,
1060 2851 1116 2924 qui
1135 2848 1273 2929 τρίαιναν
1292 2853 1424 2925 gestare

190 2969 276 3028 solet
298 2970 353 3039 (M
372 2969 440 3038 21)..
458 2968 556 3045 ,Α1”,
577 2968 714 3043 dixeris,
737 2967 930 3042 „Neptunus
950 2965 995 3025 ibi
1015 2965 1123 3025 induit
1142 2962 1424 3040 Calchantisfigu·

191 3083 297 3143 ram'’.
321 3082 358 3142 ld
381 3082 491 3157 ipsum
515 3082 624 3156 prodit
647 3078 700 3140 τὸν
722 3084 843 3156 φαῦλον
866 3079 1008 3156 ποιητήν.
1033 3077 1225 3140 Calchantis
1248 3079 1337 3139 enim
1357 3094 1423 3139 non

192 3198 263 3256 erat
286 3197 403 3257 heroes
427 3194 543 3257 baculo
567 3196 608 3257 ad
631 3196 845 3270 pugnandum
869 3195 1026 3269 incitare,
1052 3193 1137 3266 quod
1161 3193 1365 3267 exspectaris
1384 3192 1424 3251 de

191 3310 454 3386 Agamemnone,
485 3310 525 3370 de
553 3309 662 3387 Ulixe,
694 3324 760 3370 non
791 3309 831 3370 de
855 3310 943 3369 vate.
967 3307 1055 3368 Deus
1078 3322 1206 3382 quoqne
1230 3322 1291 3367 sua
1314 3307 1423 3366 torma

191 3425 326 3483 servata
347 3423 454 3484 facere
477 3423 509 3482 id
528 3423 651 3499 potuit,
671 3425 708 3483 ut
727 3422 855 3483 faciunt
874 3420 981 3497 Circe,
1001 3421 1150 3481 Minerva
1169 3425 1197 3490 (τ
1210 3421 1286 3496 238,
1302 3443 1319 3478 ν
1333 3422 1421 3492 429).

192 3535 297 3611 Quare
327 3535 435 3597 Leafio
462 3536 715 3612 adstipulamur,
740 3537 796 3609 qui
819 3537 929 3595 totum
953 3534 1029 3593 libri
1051 3535 1086 3592 N
1106 3534 1420 3605 10111011111-125)

191 3651 232 3710 ab
256 3651 370 3711 Iliadis
393 3650 471 3712 stilo
494 3649 696 3726 simpliciore
718 3649 864 3710 alienum
891 3663 965 3709 esse
989 3647 1120 3708 statutt.
1299 3636 1301 3641 ’

236 3764 364 3839 Quanto
388 3766 509 3826 melius
532 3765 640 3841 placet
659 3765 715 3825 ille
734 3764 922 3840 Neptunus,
942 3763 998 3837 qui
1017 3761 1130 3822 Aiacis
1149 3761 1290 3821 minoris
1309 3776 1419 3836 super·

192 3878 281 3939 biam
306 3879 498 3955 indignatus
520 3889 556 3963 τῇ
579 3878 698 3962 τριαίνῃ
721 3879 808 3953 apud
832 3878 1008 3951 Myconum
1031 3890 1108 3936 eum
1128 3874 1283 3951 perdidit,
1305 3875 1420 3935 eodem

187 3993 290 4067 igitur
312 3993 379 4054 telo
402 4009 499 4069 usus,
521 4009 584 4066 quo
608 3994 784 4068 superarat
807 3992 942 4052 Titanes
964 3989 1152 4065 ([Apollod.]
1178 3989 1208 4065 1,
1230 3991 1264 4066 2,
1290 3992 1330 4058 1).

236 4108 335 4170 Initio
364 4108 465 4183 igitur
496 4106 571 4167 libri
601 4107 637 4165 N
664 4107 804 4181 excepto
835 4105 927 4166 locus
958 4105 1063 4167 restat
1093 4103 1219 4180 nullus,
1248 4103 1304 4162 ubi
1326 4103 1421 4164 Aiaci

190 4222 354 4296 proelium
382 4221 434 4283 vel
458 4221 585 4282 ineunti
609 4221 662 4280 vel
686 4219 824 4280 exeunti
847 4219 999 4280 divinum
1023 4217 1220 4294 praebeatur
1243 4215 1423 4292 auxilium,

192 4348 270 4395 nam
301 4335 380 4397 licet
411 4335 522 4410 aquila
552 4335 640 4395 adsit
670 4335 776 4411 Aiaci,
809 4333 864 4393 ubi
894 4333 1031 4394 Hectori
1052 4333 1245 4392 instantem
1277 4331 1419 4391 mortem

194 4449 377 4526 praedicat,
401 4464 533 4510 merum
556 4449 661 4510 luisse
685 4463 783 4509 omen
805 4450 975 4509 testantur
998 4461 1131 4508 versus:

418 4554 458 4635 ὧς
480 4560 540 4644 ἄρα
562 4563 616 4623 ἔοι
639 4561 778 4623 fernovio
801 4559 948 4622 ἐπέπτατο
972 4558 1067 4633 δεξιὸς
1091 4556 1187 4639 ὄρνις,

417 4675 514 4748 αἰετὸς
537 4673 696 4755 ὑψιπέτης·
718 4674 790 4747 λαὸς
814 4670 842 4736 δ’
857 4669 1015 4754 ἒπεΗῘαῇ
1042 4678 1166 4753 Ἀχαιῶν

416 4790 576 4872 θάρσυνος
600 4790 699 4874 οἰωνῷ
724 4793 770 4861 (Ν
790 4791 855 4850 821
881 4799 974 4864 8111).)
