<?xml version="1.0" encoding="UTF-8"?>
<!DOCTYPE html PUBLIC "-//W3C//DTD XHTML 1.0 Transitional//EN"
    "http://www.w3.org/TR/xhtml1/DTD/xhtml1-transitional.dtd">
<html xmlns="http://www.w3.org/1999/xhtml" xml:lang="en" lang="en">
 <head>
  <title>
</title>
<meta http-equiv="Content-Type" content="text/html;charset=utf-8" />
  <meta name='ocr-system' content='tesseract 3.04.00' />
  <meta name='ocr-capabilities' content='ocr_page ocr_carea ocr_par ocr_line ocrx_word'/>
</head>
<body>
  <div class='ocr_page' id='page_1' title='image "./deajacisorigine00vgoog_0121.png"; bbox 0 0 3525 5692; ppageno 0'>
   <div class='ocr_carea' id='block_1_1' title="bbox 609 664 1364 741">
    <p class='ocr_par' dir='ltr' id='par_1_1' title="bbox 609 664 1364 741">
     <span class='ocr_line' id='line_1_1' title="bbox 609 664 1364 741; baseline 0.003 -3"><span class='ocrx_word' id='word_1_1' title='bbox 609 664 611 671; x_wconf 71' lang='grc'><strong>’</strong></span> <span class='ocrx_word' id='word_1_2' title='bbox 667 695 709 738; x_wconf 75' lang='grc' dir='ltr'><strong><em>ου</em></strong></span> <span class='ocrx_word' id='word_1_3' title='bbox 731 694 841 741; x_wconf 72' lang='lat' dir='ltr'><strong>Auen.</strong></span> <span class='ocrx_word' id='word_1_4' title='bbox 1302 681 1364 740; x_wconf 92' lang='lat'><strong><em>111</em></strong></span> 
     </span>
    </p>
   </div>
   <div class='ocr_carea' id='block_1_2' title="bbox 90 861 1370 2194">
    <p class='ocr_par' dir='ltr' id='par_1_2' title="bbox 90 861 1370 1405">
     <span class='ocr_line' id='line_1_2' title="bbox 141 861 1368 944; baseline 0.001 -19"><span class='ocrx_word' id='word_1_5' title='bbox 141 866 228 941; x_wconf 80' lang='lat' dir='ltr'><strong>apud</strong></span> <span class='ocrx_word' id='word_1_6' title='bbox 264 865 440 928; x_wconf 78' lang='lat' dir='ltr'><strong>Aelianum</strong></span> <span class='ocrx_word' id='word_1_7' title='bbox 469 867 504 926; x_wconf 88' lang='lat' dir='ltr'><strong><em>in</em></strong></span> <span class='ocrx_word' id='word_1_8' title='bbox 534 866 653 941; x_wconf 69' lang='lat' dir='ltr'><strong>fragm.</strong></span> <span class='ocrx_word' id='word_1_9' title='bbox 681 881 708 926; x_wconf 82' lang='lat' dir='ltr'><strong>s.</strong></span> <span class='ocrx_word' id='word_1_10' title='bbox 733 881 764 926; x_wconf 81' lang='lat' dir='ltr'><strong><em>v.</em></strong></span> <span class='ocrx_word' id='word_1_11' title='bbox 796 863 907 942; x_wconf 73' lang='grc' dir='ltr'><strong><em>ποινήτ</em></strong></span> <span class='ocrx_word' id='word_1_12' title='bbox 942 861 978 941; x_wconf 81' lang='grc' dir='ltr'><strong><em>,ὅ</em></strong></span> <span class='ocrx_word' id='word_1_13' title='bbox 1010 863 1158 926; x_wconf 74' lang='grc' dir='ltr'><strong><em>Ἀπόλλων</em></strong></span> <span class='ocrx_word' id='word_1_14' title='bbox 1187 863 1264 943; x_wconf 85' lang='grc' dir='ltr'><strong><em>φησλ</em></strong></span> <span class='ocrx_word' id='word_1_15' title='bbox 1293 864 1368 944; x_wconf 86' lang='grc' dir='ltr'><strong><em>πρὸς</em></strong></span> 
     </span>
     <span class='ocr_line' id='line_1_3' title="bbox 141 975 1369 1056; baseline 0.001 -19"><span class='ocrx_word' id='word_1_16' title='bbox 141 977 286 1056; x_wconf 83' lang='grc' dir='ltr'><strong><em>Λοκρούς</em></strong></span> <span class='ocrx_word' id='word_1_17' title='bbox 310 976 351 1056; x_wconf 79' lang='grc' dir='ltr'><strong><em>μή</em></strong></span> <span class='ocrx_word' id='word_1_18' title='bbox 374 976 413 1037; x_wconf 79' lang='grc' dir='ltr'><strong><em>ἄν</em></strong></span> <span class='ocrx_word' id='word_1_19' title='bbox 436 976 540 1050; x_wconf 83' lang='grc' dir='ltr'><strong><em>αύτοῖς</em></strong></span> <span class='ocrx_word' id='word_1_20' title='bbox 563 975 596 1037; x_wconf 81' lang='grc' dir='ltr'><strong><em>τὸ</em></strong></span> <span class='ocrx_word' id='word_1_21' title='bbox 621 975 724 1037; x_wconf 81' lang='grc' dir='ltr'><strong><em>δεινὸν</em></strong></span> <span class='ocrx_word' id='word_1_22' title='bbox 748 975 903 1054; x_wconf 77' lang='grc' dir='ltr'><strong><em>λωφήσειν</em></strong></span> <span class='ocrx_word' id='word_1_23' title='bbox 926 979 1004 1054; x_wconf 82' lang='lat' dir='ltr'><strong>(sic),</strong></span> <span class='ocrx_word' id='word_1_24' title='bbox 1029 975 1056 1037; x_wconf 91' lang='grc' dir='ltr'><strong><em>εί</em></strong></span> <span class='ocrx_word' id='word_1_25' title='bbox 1077 975 1118 1055; x_wconf 74' lang='grc' dir='ltr'><strong><em>μή</em></strong></span> <span class='ocrx_word' id='word_1_26' title='bbox 1140 975 1286 1056; x_wconf 87' lang='grc' dir='ltr'><strong><em>πέμποιεν</em></strong></span> <span class='ocrx_word' id='word_1_27' title='bbox 1310 975 1369 1038; x_wconf 85' lang='grc' dir='ltr'><strong><em>άνὰ</em></strong></span> 
     </span>
     <span class='ocr_line' id='line_1_4' title="bbox 141 1087 1370 1174; baseline 0.002 -26"><span class='ocrx_word' id='word_1_28' title='bbox 141 1100 205 1150; x_wconf 86' lang='grc' dir='ltr'><strong><em>πᾶν</em></strong></span> <span class='ocrx_word' id='word_1_29' title='bbox 227 1089 292 1163; x_wconf 83' lang='grc' dir='ltr'><strong><em>ἔτος</em></strong></span> <span class='ocrx_word' id='word_1_30' title='bbox 315 1092 372 1153; x_wconf 80' lang='grc' dir='ltr'><strong><em>δύο</em></strong></span> <span class='ocrx_word' id='word_1_31' title='bbox 394 1089 572 1170; x_wconf 78' lang='grc' dir='ltr'><strong><em>παρθένους</em></strong></span> <span class='ocrx_word' id='word_1_32' title='bbox 595 1090 637 1162; x_wconf 90' lang='grc' dir='ltr'><strong><em>είς</em></strong></span> <span class='ocrx_word' id='word_1_33' title='bbox 660 1088 716 1168; x_wconf 79' lang='grc' dir='ltr'><strong><em>τήν</em></strong></span> <span class='ocrx_word' id='word_1_34' title='bbox 732 1087 831 1150; x_wconf 87' lang='grc' dir='ltr'><strong><em>Ἴλιον</em></strong></span> <span class='ocrx_word' id='word_1_35' title='bbox 854 1100 891 1174; x_wconf 75' lang='grc' dir='ltr'><strong><em>τῇ</em></strong></span> <span class='ocrx_word' id='word_1_36' title='bbox 913 1095 1025 1174; x_wconf 75' lang='grc' dir='ltr'><strong><em>Ἀθηνᾷ</em></strong></span> <span class='ocrx_word' id='word_1_37' title='bbox 1044 1090 1229 1169; x_wconf 79' lang='grc' dir='ltr'><strong><em>Κασάνδρας</em></strong></span> <span class='ocrx_word' id='word_1_38' title='bbox 1247 1093 1370 1169; x_wconf 89' lang='grc' dir='ltr'><strong><em>ποινήν,</em></strong></span> 
     </span>
     <span class='ocr_line' id='line_1_5' title="bbox 142 1201 1369 1283; baseline 0.003 -20"><span class='ocrx_word' id='word_1_39' title='bbox 142 1201 199 1276; x_wconf 92' lang='grc' dir='ltr'><strong><em>ἔως</em></strong></span> <span class='ocrx_word' id='word_1_40' title='bbox 228 1202 267 1264; x_wconf 72' lang='lat' dir='ltr'><strong><em>llo</em></strong></span> <span class='ocrx_word' id='word_1_41' title='bbox 297 1205 436 1283; x_wconf 84' lang='grc' dir='ltr'><strong><em>ίλεύσητε</em></strong></span> <span class='ocrx_word' id='word_1_42' title='bbox 465 1203 521 1282; x_wconf 80' lang='grc' dir='ltr'><strong><em>τήν</em></strong></span> <span class='ocrx_word' id='word_1_43' title='bbox 551 1203 660 1264; x_wconf 71' lang='grc' dir='ltr'><strong><em>θεόν’*</em></strong></span> <span class='ocrx_word' id='word_1_44' title='bbox 689 1205 818 1266; x_wconf 83' lang='lat' dir='ltr'><strong>Ultimo</strong></span> <span class='ocrx_word' id='word_1_45' title='bbox 847 1205 949 1266; x_wconf 79' lang='lat' dir='ltr'><strong>verba</strong></span> <span class='ocrx_word' id='word_1_46' title='bbox 970 1202 1148 1277; x_wconf 79' lang='grc' dir='ltr'><strong><em>ἔως-θεόν</em></strong></span> <span class='ocrx_word' id='word_1_47' title='bbox 1172 1221 1214 1266; x_wconf 79' lang='lat' dir='ltr'><strong>ex</strong></span> <span class='ocrx_word' id='word_1_48' title='bbox 1237 1207 1369 1268; x_wconf 81' lang='lat' dir='ltr'><strong>oraculo</strong></span> 
     </span>
     <span class='ocr_line' id='line_1_6' title="bbox 90 1305 960 1405; baseline 0 -27"><span class='ocrx_word' id='word_1_49' title='bbox 90 1305 93 1309; x_wconf 72' lang='grc'><strong>’</strong></span> <span class='ocrx_word' id='word_1_50' title='bbox 142 1316 175 1378; x_wconf 86' lang='grc' dir='ltr'><strong><em>έν</em></strong></span> <span class='ocrx_word' id='word_1_51' title='bbox 199 1317 341 1405; x_wconf 73' lang='grc' dir='ltr'><strong><em>τριμέτρῳ</em></strong></span> <span class='ocrx_word' id='word_1_52' title='bbox 364 1318 442 1405; x_wconf 82' lang='grc' dir='ltr'><strong><em>τόνφ</em></strong></span> <span class='ocrx_word' id='word_1_53' title='bbox 465 1320 648 1396; x_wconf 88' lang='lat' dir='ltr'><strong>composito</strong></span> <span class='ocrx_word' id='word_1_54' title='bbox 670 1319 774 1394; x_wconf 83' lang='lat' dir='ltr'><strong>petita</strong></span> <span class='ocrx_word' id='word_1_55' title='bbox 797 1319 960 1380; x_wconf 85' lang='lat' dir='ltr'><strong>videntur.</strong></span> 
     </span>
    </p>

    <p class='ocr_par' dir='ltr' id='par_1_3' title="bbox 140 1433 1370 2194">
     <span class='ocr_line' id='line_1_7' title="bbox 187 1433 1368 1509; baseline 0.004 -17"><span class='ocrx_word' id='word_1_56' title='bbox 187 1433 347 1495; x_wconf 88' lang='lat' dir='ltr'><strong>Venimus</strong></span> <span class='ocrx_word' id='word_1_57' title='bbox 370 1434 412 1495; x_wconf 83' lang='lat' dir='ltr'><strong><em>od</em></strong></span> <span class='ocrx_word' id='word_1_58' title='bbox 435 1433 576 1494; x_wconf 78' lang='lat' dir='ltr'><strong>&#39;l&#39;zetzce</strong></span> <span class='ocrx_word' id='word_1_59' title='bbox 596 1433 711 1508; x_wconf 83' lang='lat' dir='ltr'><strong>verbe,</strong></span> <span class='ocrx_word' id='word_1_60' title='bbox 732 1433 852 1507; x_wconf 87' lang='lat' dir='ltr'><strong>quibus</strong></span> <span class='ocrx_word' id='word_1_61' title='bbox 870 1433 1014 1508; x_wconf 84' lang='lat' dir='ltr'><strong>explicet</strong></span> <span class='ocrx_word' id='word_1_62' title='bbox 1033 1433 1368 1509; x_wconf 81' lang='lat' dir='ltr'><strong>Lycophr.vs.1141.</strong></span> 
     </span>
     <span class='ocr_line' id='line_1_8' title="bbox 143 1539 1368 1632; baseline 0.001 -25"><span class='ocrx_word' id='word_1_63' title='bbox 143 1547 229 1608; x_wconf 81' lang='lat' dir='ltr'><strong>sunt</strong></span> <span class='ocrx_word' id='word_1_64' title='bbox 250 1548 348 1610; x_wconf 80' lang='lat' dir='ltr'><strong>haec:</strong></span> <span class='ocrx_word' id='word_1_65' title='bbox 383 1544 508 1625; x_wconf 86' lang='grc' dir='ltr'><strong><em>,ἔχρησε</em></strong></span> <span class='ocrx_word' id='word_1_66' title='bbox 540 1539 568 1604; x_wconf 84' lang='grc' dir='ltr'><strong><em>δ’</em></strong></span> <span class='ocrx_word' id='word_1_67' title='bbox 595 1541 611 1605; x_wconf 82' lang='grc' dir='ltr'><em>ὅ</em></span> <span class='ocrx_word' id='word_1_68' title='bbox 634 1543 708 1616; x_wconf 81' lang='grc' dir='ltr'><strong><em>θεὸς</em></strong></span> <span class='ocrx_word' id='word_1_69' title='bbox 732 1543 910 1605; x_wconf 76' lang='grc' dir='ltr'><strong><em>ἱλάσκεσθαι</em></strong></span> <span class='ocrx_word' id='word_1_70' title='bbox 935 1550 1068 1623; x_wconf 77' lang='grc' dir='ltr'><strong><em>Ἀθηνᾶν</em></strong></span> <span class='ocrx_word' id='word_1_71' title='bbox 1090 1544 1144 1624; x_wconf 79' lang='grc' dir='ltr'><strong><em>τήν</em></strong></span> <span class='ocrx_word' id='word_1_72' title='bbox 1168 1543 1201 1605; x_wconf 85' lang='grc' dir='ltr'><strong><em>έν</em></strong></span> <span class='ocrx_word' id='word_1_73' title='bbox 1219 1541 1297 1632; x_wconf 78' lang='grc' dir='ltr'><strong><em>Ἰλίῳ</em></strong></span> <span class='ocrx_word' id='word_1_74' title='bbox 1321 1546 1368 1608; x_wconf 73' lang='lat' dir='ltr'><strong><em>tul</em></strong></span> 
     </span>
     <span class='ocr_line' id='line_1_9' title="bbox 141 1655 1369 1743; baseline 0 -23"><span class='ocrx_word' id='word_1_75' title='bbox 141 1659 194 1738; x_wconf 85' lang='grc' dir='ltr'><strong><em>ἔτη</em></strong></span> <span class='ocrx_word' id='word_1_76' title='bbox 216 1661 295 1739; x_wconf 92' lang='grc' dir='ltr'><strong><em>χίλια</em></strong></span> <span class='ocrx_word' id='word_1_77' title='bbox 318 1660 375 1720; x_wconf 76' lang='grc' dir='ltr'><strong><em>δύο</em></strong></span> <span class='ocrx_word' id='word_1_78' title='bbox 394 1657 572 1738; x_wconf 78' lang='grc' dir='ltr'><strong><em>παρθένους</em></strong></span> <span class='ocrx_word' id='word_1_79' title='bbox 591 1655 767 1736; x_wconf 73' lang='grc' dir='ltr'><strong><em>πέμποντας</em></strong></span> <span class='ocrx_word' id='word_1_80' title='bbox 786 1655 834 1717; x_wconf 75' lang='lat' dir='ltr'><strong><em>lul</em></strong></span> <span class='ocrx_word' id='word_1_81' title='bbox 853 1657 953 1743; x_wconf 76' lang='grc' dir='ltr'><strong><em>κλήρῳ</em></strong></span> <span class='ocrx_word' id='word_1_82' title='bbox 973 1655 1023 1718; x_wconf 84' lang='grc' dir='ltr'><strong><em>καί</em></strong></span> <span class='ocrx_word' id='word_1_83' title='bbox 1035 1658 1165 1738; x_wconf 85' lang='grc' dir='ltr'><strong><em>λαχήστι.</em></strong></span> <span class='ocrx_word' id='word_1_84' title='bbox 1176 1659 1369 1738; x_wconf 86' lang='grc' dir='ltr'><strong><em>πεμπομένας</em></strong></span> 
     </span>
     <span class='ocr_line' id='line_1_10' title="bbox 142 1767 1369 1856; baseline 0.001 -22"><span class='ocrx_word' id='word_1_85' title='bbox 142 1771 176 1834; x_wconf 76' lang='grc' dir='ltr'><strong><em>δὲ</em></strong></span> <span class='ocrx_word' id='word_1_86' title='bbox 200 1772 292 1846; x_wconf 85' lang='grc' dir='ltr'><strong><em>αύτὰς</em></strong></span> <span class='ocrx_word' id='word_1_87' title='bbox 313 1781 564 1853; x_wconf 81' lang='grc' dir='ltr'><strong><em>προαπαντῶντες</em></strong></span> <span class='ocrx_word' id='word_1_88' title='bbox 587 1770 615 1831; x_wconf 83' lang='grc' dir='ltr'><strong><em>ολ</em></strong></span> <span class='ocrx_word' id='word_1_89' title='bbox 641 1772 753 1850; x_wconf 84' lang='grc' dir='ltr'><strong><em>Τρῶες,</em></strong></span> <span class='ocrx_word' id='word_1_90' title='bbox 776 1770 802 1830; x_wconf 84' lang='grc' dir='ltr'><strong><em>εί</em></strong></span> <span class='ocrx_word' id='word_1_91' title='bbox 822 1767 982 1850; x_wconf 83' lang='grc' dir='ltr'><strong><em>κατέσχον,</em></strong></span> <span class='ocrx_word' id='word_1_92' title='bbox 1001 1769 1139 1856; x_wconf 77' lang='grc' dir='ltr'><strong><em>ἀνῄρουν</em></strong></span> <span class='ocrx_word' id='word_1_93' title='bbox 1159 1771 1211 1834; x_wconf 82' lang='grc' dir='ltr'><strong><em>καί</em></strong></span> <span class='ocrx_word' id='word_1_94' title='bbox 1233 1775 1369 1848; x_wconf 88' lang='grc' dir='ltr'><strong><em>καίοντες</em></strong></span> 
     </span>
     <span class='ocr_line' id='line_1_11' title="bbox 141 1880 1368 1967; baseline 0.002 -21"><span class='ocrx_word' id='word_1_95' title='bbox 141 1885 290 1966; x_wconf 77' lang='grc' dir='ltr'><strong><em>ἀκάρποις</em></strong></span> <span class='ocrx_word' id='word_1_96' title='bbox 312 1883 365 1947; x_wconf 86' lang='grc' dir='ltr'><strong><em>καλ</em></strong></span> <span class='ocrx_word' id='word_1_97' title='bbox 387 1883 502 1966; x_wconf 83' lang='grc' dir='ltr'><strong><em>ἀγρίοις</em></strong></span> <span class='ocrx_word' id='word_1_98' title='bbox 526 1886 626 1958; x_wconf 85' lang='grc' dir='ltr'><strong><em>ξύλοις</em></strong></span> <span class='ocrx_word' id='word_1_99' title='bbox 649 1883 685 1944; x_wconf 85' lang='grc' dir='ltr'><strong><em>τὰ</em></strong></span> <span class='ocrx_word' id='word_1_100' title='bbox 708 1880 780 1944; x_wconf 81' lang='grc' dir='ltr'><strong><em>ὀστᾶ</em></strong></span> <span class='ocrx_word' id='word_1_101' title='bbox 803 1883 905 1944; x_wconf 78' lang='grc' dir='ltr'><strong><em>αὐτῶν</em></strong></span> <span class='ocrx_word' id='word_1_102' title='bbox 932 1882 992 1945; x_wconf 77' lang='grc' dir='ltr'><strong><em>ἀπὸ</em></strong></span> <span class='ocrx_word' id='word_1_103' title='bbox 1018 1884 1178 1964; x_wconf 89' lang='grc' dir='ltr'><strong><em>Τρήρωνος</em></strong></span> <span class='ocrx_word' id='word_1_104' title='bbox 1203 1885 1293 1967; x_wconf 85' lang='grc' dir='ltr'><strong><em>ύρους</em></strong></span> <span class='ocrx_word' id='word_1_105' title='bbox 1316 1896 1368 1965; x_wconf 81' lang='grc' dir='ltr'><strong><em>τῆς</em></strong></span> 
     </span>
     <span class='ocr_line' id='line_1_12' title="bbox 144 1997 1368 2081; baseline 0 -20"><span class='ocrx_word' id='word_1_106' title='bbox 144 2001 254 2081; x_wconf 87' lang='grc' dir='ltr'><strong><em>Τροίας</em></strong></span> <span class='ocrx_word' id='word_1_107' title='bbox 277 1999 329 2061; x_wconf 80' lang='grc' dir='ltr'><strong><em>τὸν</em></strong></span> <span class='ocrx_word' id='word_1_108' title='bbox 352 1998 469 2061; x_wconf 80' lang='grc' dir='ltr'><strong><em>σποδὸν</em></strong></span> <span class='ocrx_word' id='word_1_109' title='bbox 493 1999 534 2072; x_wconf 89' lang='grc' dir='ltr'><strong><em>είς</em></strong></span> <span class='ocrx_word' id='word_1_110' title='bbox 557 1999 720 2059; x_wconf 90' lang='grc' dir='ltr'><strong><em>θάλασσαν</em></strong></span> <span class='ocrx_word' id='word_1_111' title='bbox 736 1998 886 2079; x_wconf 81' lang='grc' dir='ltr'><strong><em>ἔρριπτον.</em></strong></span> <span class='ocrx_word' id='word_1_112' title='bbox 906 1997 957 2059; x_wconf 85' lang='grc' dir='ltr'><strong><em>καλ</em></strong></span> <span class='ocrx_word' id='word_1_113' title='bbox 974 1998 1066 2060; x_wconf 87' lang='grc' dir='ltr'><strong><em>πάλιν</em></strong></span> <span class='ocrx_word' id='word_1_114' title='bbox 1085 2000 1117 2060; x_wconf 87' lang='grc' dir='ltr'><strong><em>σί</em></strong></span> <span class='ocrx_word' id='word_1_115' title='bbox 1133 1999 1250 2081; x_wconf 87' lang='grc' dir='ltr'><strong><em>Λοκρολ</em></strong></span> <span class='ocrx_word' id='word_1_116' title='bbox 1268 1998 1368 2081; x_wconf 76' lang='grc' dir='ltr'><strong><em>ἑτέρας</em></strong></span> 
     </span>
     <span class='ocr_line' id='line_1_13' title="bbox 140 2110 1370 2194; baseline 0 -19"><span class='ocrx_word' id='word_1_117' title='bbox 140 2114 285 2176; x_wconf 83' lang='grc' dir='ltr'><strong><em>ἔστελλον.</em></strong></span> <span class='ocrx_word' id='word_1_118' title='bbox 308 2113 337 2174; x_wconf 87' lang='grc' dir='ltr'><strong><em>εί</em></strong></span> <span class='ocrx_word' id='word_1_119' title='bbox 358 2110 392 2174; x_wconf 77' lang='grc' dir='ltr'><strong><em>δέ</em></strong></span> <span class='ocrx_word' id='word_1_120' title='bbox 414 2135 492 2185; x_wconf 91' lang='grc' dir='ltr'><strong><em>τινες</em></strong></span> <span class='ocrx_word' id='word_1_121' title='bbox 521 2111 683 2193; x_wconf 78' lang='grc' dir='ltr'><strong><em>ἐκφύγοιεν</em></strong></span> <span class='ocrx_word' id='word_1_122' title='bbox 707 2111 897 2173; x_wconf 81' lang='grc' dir='ltr'><strong><em>ἀνελθοῦσαι</em></strong></span> <span class='ocrx_word' id='word_1_123' title='bbox 918 2112 1019 2193; x_wconf 85' lang='grc' dir='ltr'><strong><em>λάθρα</em></strong></span> <span class='ocrx_word' id='word_1_124' title='bbox 1043 2112 1085 2186; x_wconf 83' lang='grc' dir='ltr'><strong><em>τίς</em></strong></span> <span class='ocrx_word' id='word_1_125' title='bbox 1108 2113 1141 2175; x_wconf 84' lang='grc' dir='ltr'><strong><em>τὸ</em></strong></span> <span class='ocrx_word' id='word_1_126' title='bbox 1164 2123 1215 2193; x_wconf 77' lang='grc' dir='ltr'><strong><em>τῆς</em></strong></span> <span class='ocrx_word' id='word_1_127' title='bbox 1240 2119 1370 2194; x_wconf 74' lang='grc' dir='ltr'><strong><em>Ἀθηνᾶς</em></strong></span> 
     </span>
    </p>
   </div>
   <div class='ocr_carea' id='block_1_3' title="bbox 142 2223 1369 2314">
    <p class='ocr_par' dir='ltr' id='par_1_4' title="bbox 142 2223 1369 2314">
     <span class='ocr_line' id='line_1_14' title="bbox 142 2223 1369 2314; baseline 0.002 -25"><span class='ocrx_word' id='word_1_128' title='bbox 142 2229 225 2309; x_wconf 79' lang='grc' dir='ltr'><strong><em>ἱερὸν</em></strong></span> <span class='ocrx_word' id='word_1_129' title='bbox 247 2225 352 2306; x_wconf 88' lang='grc' dir='ltr'><strong><em>ίέρειαι</em></strong></span> <span class='ocrx_word' id='word_1_130' title='bbox 374 2223 521 2307; x_wconf 74' lang='grc' dir='ltr'><strong><em>ἐγένοντο.</em></strong></span> <span class='ocrx_word' id='word_1_131' title='bbox 545 2225 668 2306; x_wconf 85' lang='grc' dir='ltr'><strong><em>ἔσαιρον</em></strong></span> <span class='ocrx_word' id='word_1_132' title='bbox 698 2224 756 2306; x_wconf 79' lang='grc' dir='ltr'><strong><em>μὰρ</em></strong></span> <span class='ocrx_word' id='word_1_133' title='bbox 782 2224 856 2286; x_wconf 76' lang='grc' dir='ltr'><strong><em>αὐτὸ</em></strong></span> <span class='ocrx_word' id='word_1_134' title='bbox 880 2224 933 2286; x_wconf 87' lang='grc' dir='ltr'><strong><em>καλ</em></strong></span> <span class='ocrx_word' id='word_1_135' title='bbox 955 2224 1108 2306; x_wconf 80' lang='grc' dir='ltr'><strong><em>ἔρραινον.</em></strong></span> <span class='ocrx_word' id='word_1_136' title='bbox 1131 2237 1167 2314; x_wconf 71' lang='grc' dir='ltr'><strong><em>τῇ</em></strong></span> <span class='ocrx_word' id='word_1_137' title='bbox 1190 2225 1223 2289; x_wconf 82' lang='grc' dir='ltr'><strong><em>δέ</em></strong></span> <span class='ocrx_word' id='word_1_138' title='bbox 1245 2235 1307 2308; x_wconf 77' lang='grc' dir='ltr'><strong><em>θεῷ</em></strong></span> <span class='ocrx_word' id='word_1_139' title='bbox 1331 2229 1369 2291; x_wconf 83' lang='grc' dir='ltr'><strong><em>ού</em></strong></span> 
     </span>
    </p>
   </div>
   <div class='ocr_carea' id='block_1_4' title="bbox 137 2333 1377 4801">
    <p class='ocr_par' dir='ltr' id='par_1_5' title="bbox 141 2333 1375 3103">
     <span class='ocr_line' id='line_1_15' title="bbox 141 2333 1370 2423; baseline -0.001 -20"><span class='ocrx_word' id='word_1_140' title='bbox 141 2341 349 2423; x_wconf 79' lang='grc' dir='ltr'><strong><em>προσήρχοντο</em></strong></span> <span class='ocrx_word' id='word_1_141' title='bbox 373 2339 443 2402; x_wconf 84' lang='grc' dir='ltr'><strong><em>ούτι</em></strong></span> <span class='ocrx_word' id='word_1_142' title='bbox 461 2349 515 2402; x_wconf 81' lang='grc' dir='ltr'><strong><em>τοῦ</em></strong></span> <span class='ocrx_word' id='word_1_143' title='bbox 539 2340 623 2420; x_wconf 81' lang='grc' dir='ltr'><strong><em>ἴεροῦ</em></strong></span> <span class='ocrx_word' id='word_1_144' title='bbox 647 2338 824 2418; x_wconf 74' lang='grc' dir='ltr'><strong><em>ἐξήρχοντο,</em></strong></span> <span class='ocrx_word' id='word_1_145' title='bbox 846 2338 874 2399; x_wconf 80' lang='grc' dir='ltr'><strong><em>εἰ</em></strong></span> <span class='ocrx_word' id='word_1_146' title='bbox 896 2337 937 2418; x_wconf 75' lang='grc' dir='ltr'><strong><em>μή</em></strong></span> <span class='ocrx_word' id='word_1_147' title='bbox 961 2340 1088 2421; x_wconf 85' lang='grc' dir='ltr'><strong><em>νύκτωρ.</em></strong></span> <span class='ocrx_word' id='word_1_148' title='bbox 1107 2333 1186 2421; x_wconf 85' lang='grc' dir='ltr'><strong><em>ήσαν</em></strong></span> <span class='ocrx_word' id='word_1_149' title='bbox 1209 2339 1242 2403; x_wconf 83' lang='grc' dir='ltr'><strong><em>δέ</em></strong></span> <span class='ocrx_word' id='word_1_150' title='bbox 1265 2365 1370 2422; x_wconf 85' lang='grc' dir='ltr'><strong><em>κεκαρ-</em></strong></span> 
     </span>
     <span class='ocr_line' id='line_1_16' title="bbox 143 2449 1370 2536; baseline 0 -20"><span class='ocrx_word' id='word_1_151' title='bbox 143 2453 234 2534; x_wconf 86' lang='grc' dir='ltr'><strong><em>μέναι</em></strong></span> <span class='ocrx_word' id='word_1_152' title='bbox 256 2454 455 2533; x_wconf 77' lang='grc' dir='ltr'><strong><em>μονοχίτωνες</em></strong></span> <span class='ocrx_word' id='word_1_153' title='bbox 477 2452 528 2515; x_wconf 85' lang='grc' dir='ltr'><strong><em>καλ</em></strong></span> <span class='ocrx_word' id='word_1_154' title='bbox 547 2452 738 2515; x_wconf 80' lang='grc' dir='ltr'><strong><em>ύνυπόύετοι.</em></strong></span> <span class='ocrx_word' id='word_1_155' title='bbox 757 2461 874 2531; x_wconf 84' lang='grc' dir='ltr'><strong><em>πρῶται</em></strong></span> <span class='ocrx_word' id='word_1_156' title='bbox 892 2449 925 2513; x_wconf 77' lang='grc' dir='ltr'><strong><em>δὲ</em></strong></span> <span class='ocrx_word' id='word_1_157' title='bbox 944 2462 1004 2514; x_wconf 84' lang='grc' dir='ltr'><strong><em>τῶν</em></strong></span> <span class='ocrx_word' id='word_1_158' title='bbox 1024 2455 1187 2534; x_wconf 79' lang='grc' dir='ltr'><strong><em>Λοκρίδων</em></strong></span> <span class='ocrx_word' id='word_1_159' title='bbox 1204 2455 1370 2536; x_wconf 84' lang='grc' dir='ltr'><strong><em>παρθένων</em></strong></span> 
     </span>
     <span class='ocr_line' id='line_1_17' title="bbox 144 2564 1370 2649; baseline 0.003 -20"><span class='ocrx_word' id='word_1_160' title='bbox 144 2568 295 2648; x_wconf 80' lang='grc' dir='ltr'><strong><em>Περίβοια</em></strong></span> <span class='ocrx_word' id='word_1_161' title='bbox 327 2566 378 2628; x_wconf 88' lang='grc' dir='ltr'><strong><em>καλ</em></strong></span> <span class='ocrx_word' id='word_1_162' title='bbox 413 2568 593 2647; x_wconf 82' lang='grc' dir='ltr'><strong><em>Κλεοπάτρα</em></strong></span> <span class='ocrx_word' id='word_1_163' title='bbox 623 2565 780 2644; x_wconf 83' lang='grc' dir='ltr'><strong><em>ἀφίκοντο.</em></strong></span> <span class='ocrx_word' id='word_1_164' title='bbox 811 2564 862 2627; x_wconf 83' lang='grc' dir='ltr'><strong><em>καλ</em></strong></span> <span class='ocrx_word' id='word_1_165' title='bbox 892 2577 1013 2646; x_wconf 83' lang='grc' dir='ltr'><strong><em>πρῶτον</em></strong></span> <span class='ocrx_word' id='word_1_166' title='bbox 1042 2565 1097 2646; x_wconf 78' lang='grc' dir='ltr'><strong><em>μέν</em></strong></span> <span class='ocrx_word' id='word_1_167' title='bbox 1119 2568 1171 2642; x_wconf 78' lang='grc' dir='ltr'><strong><em>τὰς</em></strong></span> <span class='ocrx_word' id='word_1_168' title='bbox 1194 2569 1370 2649; x_wconf 83' lang='grc' dir='ltr'><strong><em>παρθένους</em></strong></span> 
     </span>
     <span class='ocr_line' id='line_1_18' title="bbox 144 2677 1375 2763; baseline 0.002 -21"><span class='ocrx_word' id='word_1_169' title='bbox 144 2677 207 2743; x_wconf 84' lang='grc' dir='ltr'><strong><em>τίτα</em></strong></span> <span class='ocrx_word' id='word_1_170' title='bbox 240 2679 339 2762; x_wconf 82' lang='grc' dir='ltr'><strong><em>βρέφη</em></strong></span> <span class='ocrx_word' id='word_1_171' title='bbox 374 2679 514 2742; x_wconf 78' lang='grc' dir='ltr'><strong><em>ἐνιαύσια</em></strong></span> <span class='ocrx_word' id='word_1_172' title='bbox 549 2679 621 2758; x_wconf 85' lang='grc' dir='ltr'><strong><em>μετὰ</em></strong></span> <span class='ocrx_word' id='word_1_173' title='bbox 655 2691 715 2742; x_wconf 83' lang='grc' dir='ltr'><strong><em>τῶν</em></strong></span> <span class='ocrx_word' id='word_1_174' title='bbox 745 2690 867 2761; x_wconf 86' lang='grc' dir='ltr'><strong><em>τροφῶν</em></strong></span> <span class='ocrx_word' id='word_1_175' title='bbox 898 2680 1000 2742; x_wconf 74' lang='grc' dir='ltr'><strong><em>αὐτῶν</em></strong></span> <span class='ocrx_word' id='word_1_176' title='bbox 1031 2680 1166 2761; x_wconf 81' lang='grc' dir='ltr'><strong><em>ἔπεμπον</em></strong></span> <span class='ocrx_word' id='word_1_177' title='bbox 1191 2683 1223 2746; x_wconf 87' lang='grc' dir='ltr'><strong><em>οί</em></strong></span> <span class='ocrx_word' id='word_1_178' title='bbox 1243 2686 1375 2763; x_wconf 85' lang='grc' dir='ltr'><strong><em>Λοκροί.</em></strong></span> 
     </span>
     <span class='ocr_line' id='line_1_19' title="bbox 142 2790 1375 2876; baseline 0.003 -20"><span class='ocrx_word' id='word_1_179' title='bbox 142 2796 246 2876; x_wconf 92' lang='grc' dir='ltr'><strong><em>χιλίων</em></strong></span> <span class='ocrx_word' id='word_1_180' title='bbox 282 2790 310 2855; x_wconf 79' lang='grc' dir='ltr'><strong><em>δ’</em></strong></span> <span class='ocrx_word' id='word_1_181' title='bbox 341 2793 416 2856; x_wconf 78' lang='grc' dir='ltr'><strong><em>ἐτῶν</em></strong></span> <span class='ocrx_word' id='word_1_182' title='bbox 446 2795 664 2876; x_wconf 82' lang='grc' dir='ltr'><strong><em>παρελθόντων</em></strong></span> <span class='ocrx_word' id='word_1_183' title='bbox 694 2793 767 2874; x_wconf 82' lang='grc' dir='ltr'><strong><em>μετὰ</em></strong></span> <span class='ocrx_word' id='word_1_184' title='bbox 796 2793 848 2856; x_wconf 83' lang='grc' dir='ltr'><strong><em>τὸν</em></strong></span> <span class='ocrx_word' id='word_1_185' title='bbox 883 2794 1024 2857; x_wconf 83' lang='grc' dir='ltr'><strong><em>Φωκικὸν</em></strong></span> <span class='ocrx_word' id='word_1_186' title='bbox 1046 2795 1179 2876; x_wconf 87' lang='grc' dir='ltr'><strong><em>πόλεμον</em></strong></span> <span class='ocrx_word' id='word_1_187' title='bbox 1202 2795 1375 2860; x_wconf 75' lang='grc' dir='ltr'><strong><em>ἐπαύσαντο</em></strong></span> 
     </span>
     <span class='ocr_line' id='line_1_20' title="bbox 141 2906 1373 2990; baseline 0.001 -20"><span class='ocrx_word' id='word_1_188' title='bbox 141 2920 194 2989; x_wconf 81' lang='grc' dir='ltr'><strong><em>τῆς</em></strong></span> <span class='ocrx_word' id='word_1_189' title='bbox 224 2910 366 2987; x_wconf 87' lang='grc' dir='ltr'><strong><em>τοιαύτης</em></strong></span> <span class='ocrx_word' id='word_1_190' title='bbox 396 2909 522 2987; x_wconf 86' lang='grc' dir='ltr'><strong><em>θυσίας,</em></strong></span> <span class='ocrx_word' id='word_1_191' title='bbox 550 2909 591 2982; x_wconf 78' lang='grc' dir='ltr'><strong><em>ὥς</em></strong></span> <span class='ocrx_word' id='word_1_192' title='bbox 622 2926 698 2987; x_wconf 92' lang='grc' dir='ltr'><strong><em>φησι</em></strong></span> <span class='ocrx_word' id='word_1_193' title='bbox 731 2908 857 2988; x_wconf 89' lang='grc' dir='ltr'><strong><em>Τίμαιος</em></strong></span> <span class='ocrx_word' id='word_1_194' title='bbox 887 2906 903 2970; x_wconf 82' lang='grc' dir='ltr'><em>ὅ</em></span> <span class='ocrx_word' id='word_1_195' title='bbox 931 2909 1065 2983; x_wconf 85' lang='grc' dir='ltr'><strong><em>Σικελός.</em></strong></span> <span class='ocrx_word' id='word_1_196' title='bbox 1094 2908 1242 2990; x_wconf 84' lang='grc' dir='ltr'><strong><em>μέμνηται</em></strong></span> <span class='ocrx_word' id='word_1_197' title='bbox 1266 2907 1299 2971; x_wconf 75' lang='grc' dir='ltr'><strong><em>δὲ</em></strong></span> <span class='ocrx_word' id='word_1_198' title='bbox 1322 2921 1373 2990; x_wconf 74' lang='grc' dir='ltr'><strong><em>τῆς</em></strong></span> 
     </span>
     <span class='ocr_line' id='line_1_21' title="bbox 144 3019 817 3103; baseline -0.006 -19"><span class='ocrx_word' id='word_1_199' title='bbox 144 3023 278 3103; x_wconf 80' lang='grc' dir='ltr'><strong><em>ἱστορίας</em></strong></span> <span class='ocrx_word' id='word_1_200' title='bbox 301 3020 352 3083; x_wconf 81' lang='grc' dir='ltr'><strong><em>καί</em></strong></span> <span class='ocrx_word' id='word_1_201' title='bbox 375 3019 392 3083; x_wconf 80' lang='grc' dir='ltr'><strong><em>λ</em></strong></span> <span class='ocrx_word' id='word_1_202' title='bbox 416 3025 592 3102; x_wconf 82' lang='grc' dir='ltr'><strong><em>Κυρηναῖος</em></strong></span> <span class='ocrx_word' id='word_1_203' title='bbox 617 3022 817 3101; x_wconf 90' lang='grc' dir='ltr'><strong><em>Καλλίμαχος.</em></strong></span> 
     </span>
    </p>

    <p class='ocr_par' dir='ltr' id='par_1_6' title="bbox 137 3136 1377 4801">
     <span class='ocr_line' id='line_1_22' title="bbox 189 3136 1374 3213; baseline 0.002 -15"><span class='ocrx_word' id='word_1_204' title='bbox 189 3137 381 3213; x_wconf 81' lang='lat' dir='ltr'><strong>Quicunque</strong></span> <span class='ocrx_word' id='word_1_205' title='bbox 422 3136 564 3198; x_wconf 79' lang='lat' dir='ltr'><strong>&#39;lzetzoe</strong></span> <span class='ocrx_word' id='word_1_206' title='bbox 605 3137 707 3198; x_wconf 87' lang='lat' dir='ltr'><strong>verba</strong></span> <span class='ocrx_word' id='word_1_207' title='bbox 742 3152 819 3198; x_wconf 92' lang='lat' dir='ltr'><strong><em>cum</em></strong></span> <span class='ocrx_word' id='word_1_208' title='bbox 854 3138 1003 3213; x_wconf 83' lang='lat' dir='ltr'><strong>epitome</strong></span> <span class='ocrx_word' id='word_1_209' title='bbox 1035 3139 1198 3200; x_wconf 79' lang='lat' dir='ltr'><strong>Vaticana</strong></span> <span class='ocrx_word' id='word_1_210' title='bbox 1231 3142 1265 3201; x_wconf 84' lang='lat' dir='ltr'><strong>et</strong></span> <span class='ocrx_word' id='word_1_211' title='bbox 1298 3156 1374 3202; x_wconf 92' lang='lat' dir='ltr'><strong><em>cum</em></strong></span> 
     </span>
     <span class='ocr_line' id='line_1_23' title="bbox 141 3251 1376 3328; baseline 0.001 -16"><span class='ocrx_word' id='word_1_212' title='bbox 141 3251 267 3312; x_wconf 90' lang='lat' dir='ltr'><strong>scholio</strong></span> <span class='ocrx_word' id='word_1_213' title='bbox 298 3252 339 3312; x_wconf 84' lang='lat' dir='ltr'><strong>ed</strong></span> <span class='ocrx_word' id='word_1_214' title='bbox 367 3251 591 3326; x_wconf 78' lang='lat' dir='ltr'><strong>Lycophronis</strong></span> <span class='ocrx_word' id='word_1_215' title='bbox 615 3266 683 3311; x_wconf 91' lang='lat' dir='ltr'><strong>vss.</strong></span> <span class='ocrx_word' id='word_1_216' title='bbox 711 3252 796 3311; x_wconf 84' lang='lat'>1141</span> <span class='ocrx_word' id='word_1_217' title='bbox 821 3266 893 3325; x_wconf 85' lang='lat' dir='ltr'><strong>sqq.</strong></span> <span class='ocrx_word' id='word_1_218' title='bbox 918 3253 1104 3327; x_wconf 80' lang='lat' dir='ltr'><strong>comparat,</strong></span> <span class='ocrx_word' id='word_1_219' title='bbox 1137 3254 1255 3314; x_wconf 84' lang='lat' dir='ltr'><strong>statim</strong></span> <span class='ocrx_word' id='word_1_220' title='bbox 1279 3268 1376 3328; x_wconf 82' lang='lat' dir='ltr'><strong>agno·</strong></span> 
     </span>
     <span class='ocr_line' id='line_1_24' title="bbox 139 3363 1376 3441; baseline 0.002 -17"><span class='ocrx_word' id='word_1_221' title='bbox 139 3365 205 3424; x_wconf 88' lang='lat' dir='ltr'><strong>scit</strong></span> <span class='ocrx_word' id='word_1_222' title='bbox 227 3364 313 3438; x_wconf 83' lang='lat' dir='ltr'><strong>apud</strong></span> <span class='ocrx_word' id='word_1_223' title='bbox 324 3363 483 3425; x_wconf 78' lang='lat' dir='ltr'><strong>&#39;l&#39;zetzam</strong></span> <span class='ocrx_word' id='word_1_224' title='bbox 501 3364 657 3425; x_wconf 87' lang='lat' dir='ltr'><strong>nnumin</strong></span> <span class='ocrx_word' id='word_1_225' title='bbox 677 3364 891 3439; x_wconf 86' lang='lat' dir='ltr'><strong>complexum</strong></span> <span class='ocrx_word' id='word_1_226' title='bbox 910 3365 1087 3425; x_wconf 81' lang='lat' dir='ltr'><strong>coniuncta</strong></span> <span class='ocrx_word' id='word_1_227' title='bbox 1103 3367 1137 3425; x_wconf 92' lang='lat' dir='ltr'><strong>et</strong></span> <span class='ocrx_word' id='word_1_228' title='bbox 1148 3366 1376 3441; x_wconf 78' lang='lat' dir='ltr'><strong>conglutinata</strong></span> 
     </span>
     <span class='ocr_line' id='line_1_25' title="bbox 139 3477 1373 3556; baseline 0.001 -17"><span class='ocrx_word' id='word_1_229' title='bbox 139 3492 226 3553; x_wconf 87' lang='lat' dir='ltr'><strong>esse,</strong></span> <span class='ocrx_word' id='word_1_230' title='bbox 246 3492 329 3551; x_wconf 82' lang='lat' dir='ltr'><strong>quae</strong></span> <span class='ocrx_word' id='word_1_231' title='bbox 349 3478 496 3553; x_wconf 77' lang='lat' dir='ltr'><strong>epitoma</strong></span> <span class='ocrx_word' id='word_1_232' title='bbox 518 3480 552 3538; x_wconf 89' lang='lat' dir='ltr'><strong>et</strong></span> <span class='ocrx_word' id='word_1_233' title='bbox 575 3477 740 3538; x_wconf 89' lang='lat' dir='ltr'><strong>scholium</strong></span> <span class='ocrx_word' id='word_1_234' title='bbox 763 3479 897 3538; x_wconf 78' lang='lat' dir='ltr'><strong>diverse.</strong></span> <span class='ocrx_word' id='word_1_235' title='bbox 913 3477 1063 3537; x_wconf 88' lang='lat' dir='ltr'><strong>breviore</strong></span> <span class='ocrx_word' id='word_1_236' title='bbox 1082 3478 1116 3537; x_wconf 90' lang='lat' dir='ltr'><strong><em>in</em></strong></span> <span class='ocrx_word' id='word_1_237' title='bbox 1136 3478 1243 3539; x_wconf 84' lang='lat' dir='ltr'><strong>forme</strong></span> <span class='ocrx_word' id='word_1_238' title='bbox 1261 3495 1373 3556; x_wconf 89' lang='lat' dir='ltr'><strong>propo·</strong></span> 
     </span>
     <span class='ocr_line' id='line_1_26' title="bbox 141 3590 1376 3668; baseline 0.003 -18"><span class='ocrx_word' id='word_1_239' title='bbox 141 3593 234 3651; x_wconf 84' lang='lat' dir='ltr'><strong>nant.</strong></span> <span class='ocrx_word' id='word_1_240' title='bbox 258 3590 510 3651; x_wconf 84' lang='lat' dir='ltr'><strong>Observandum</strong></span> <span class='ocrx_word' id='word_1_241' title='bbox 534 3593 586 3652; x_wconf 88' lang='lat' dir='ltr'><strong><em>est</em></strong></span> <span class='ocrx_word' id='word_1_242' title='bbox 610 3592 696 3666; x_wconf 84' lang='lat' dir='ltr'><strong>apud</strong></span> <span class='ocrx_word' id='word_1_243' title='bbox 718 3591 877 3652; x_wconf 78' lang='lat' dir='ltr'><strong>Tzetzam</strong></span> <span class='ocrx_word' id='word_1_244' title='bbox 908 3590 1034 3651; x_wconf 88' lang='lat' dir='ltr'><strong>reverti</strong></span> <span class='ocrx_word' id='word_1_245' title='bbox 1056 3593 1271 3654; x_wconf 83' lang='lat' dir='ltr'><strong>sententiam.</strong></span> <span class='ocrx_word' id='word_1_246' title='bbox 1297 3594 1376 3668; x_wconf 85' lang='lat' dir='ltr'><strong>„Lo-</strong></span> 
     </span>
     <span class='ocr_line' id='line_1_27' title="bbox 140 3701 1376 3782; baseline 0.002 -19"><span class='ocrx_word' id='word_1_247' title='bbox 140 3718 274 3764; x_wconf 86' lang='lat' dir='ltr'><strong>crenses</strong></span> <span class='ocrx_word' id='word_1_248' title='bbox 308 3706 425 3779; x_wconf 83' lang='lat' dir='ltr'><strong>postea</strong></span> <span class='ocrx_word' id='word_1_249' title='bbox 456 3704 562 3764; x_wconf 83' lang='lat' dir='ltr'><strong>etlam</strong></span> <span class='ocrx_word' id='word_1_250' title='bbox 597 3701 696 3782; x_wconf 81' lang='grc' dir='ltr'><strong><em>βρέφη</em></strong></span> <span class='ocrx_word' id='word_1_251' title='bbox 728 3704 898 3780; x_wconf 89' lang='lat' dir='ltr'><strong>misisse”‚</strong></span> <span class='ocrx_word' id='word_1_252' title='bbox 924 3717 1009 3777; x_wconf 83' lang='lat' dir='ltr'><strong>quae</strong></span> <span class='ocrx_word' id='word_1_253' title='bbox 1040 3718 1093 3764; x_wconf 87' lang='lat' dir='ltr'><strong><em>res</em></strong></span> <span class='ocrx_word' id='word_1_254' title='bbox 1116 3704 1149 3763; x_wconf 94' lang='lat' dir='ltr'><strong><em>in</em></strong></span> <span class='ocrx_word' id='word_1_255' title='bbox 1172 3705 1311 3767; x_wconf 82' lang='lat' dir='ltr'><strong>scholiis</strong></span> <span class='ocrx_word' id='word_1_256' title='bbox 1334 3707 1376 3766; x_wconf 85' lang='lat' dir='ltr'><strong><em>ad</em></strong></span> 
     </span>
     <span class='ocr_line' id='line_1_28' title="bbox 141 3815 1373 3894; baseline 0.004 -17"><span class='ocrx_word' id='word_1_257' title='bbox 141 3815 367 3877; x_wconf 72' lang='lat' dir='ltr'><strong>Alexandrum</strong></span> <span class='ocrx_word' id='word_1_258' title='bbox 388 3832 553 3890; x_wconf 72' lang='lat' dir='ltr'><strong>nusquam</strong></span> <span class='ocrx_word' id='word_1_259' title='bbox 573 3816 695 3892; x_wconf 79' lang='lat' dir='ltr'><strong>legitur</strong></span> <span class='ocrx_word' id='word_1_260' title='bbox 714 3823 749 3878; x_wconf 84' lang='lat' dir='ltr'><strong><em>ot</em></strong></span> <span class='ocrx_word' id='word_1_261' title='bbox 769 3819 975 3878; x_wconf 86' lang='lat' dir='ltr'><strong>memoratur</strong></span> <span class='ocrx_word' id='word_1_262' title='bbox 992 3817 1026 3877; x_wconf 91' lang='lat' dir='ltr'><strong><em>in</em></strong></span> <span class='ocrx_word' id='word_1_263' title='bbox 1045 3818 1192 3892; x_wconf 83' lang='lat' dir='ltr'><strong>epitome</strong></span> <span class='ocrx_word' id='word_1_264' title='bbox 1203 3818 1373 3894; x_wconf 80' lang='lat' dir='ltr'><strong>Vaticana.</strong></span> 
     </span>
     <span class='ocr_line' id='line_1_29' title="bbox 141 3926 1374 4007; baseline 0.002 -17"><span class='ocrx_word' id='word_1_265' title='bbox 141 3926 350 3990; x_wconf 78' lang='lat' dir='ltr'><strong>Coniecimus</strong></span> <span class='ocrx_word' id='word_1_266' title='bbox 384 3944 484 4004; x_wconf 86' lang='lat' dir='ltr'><strong>supra</strong></span> <span class='ocrx_word' id='word_1_267' title='bbox 514 3946 532 3991; x_wconf 92' lang='lat' dir='ltr'><strong>e</strong></span> <span class='ocrx_word' id='word_1_268' title='bbox 563 3927 761 3990; x_wconf 77' lang='lat' dir='ltr'><strong>Callimachi</strong></span> <span class='ocrx_word' id='word_1_269' title='bbox 792 3929 903 3990; x_wconf 88' lang='lat' dir='ltr'><strong>verbis</strong></span> <span class='ocrx_word' id='word_1_270' title='bbox 936 3926 1132 4007; x_wconf 71' lang='grc' dir='ltr'><strong><em>,παρθένους</em></strong></span> <span class='ocrx_word' id='word_1_271' title='bbox 1164 3928 1374 4004; x_wconf 79' lang='grc' dir='ltr'><strong><em>ἐνιαυσιαίας”</em></strong></span> 
     </span>
     <span class='ocr_line' id='line_1_30' title="bbox 140 4042 1374 4107; baseline 0.004 -5"><span class='ocrx_word' id='word_1_272' title='bbox 140 4042 174 4102; x_wconf 90' lang='lat' dir='ltr'><strong><em>in</em></strong></span> <span class='ocrx_word' id='word_1_273' title='bbox 197 4042 324 4102; x_wconf 89' lang='lat' dir='ltr'><strong>scholio</strong></span> <span class='ocrx_word' id='word_1_274' title='bbox 347 4043 388 4103; x_wconf 85' lang='lat' dir='ltr'><strong><em>ad</em></strong></span> <span class='ocrx_word' id='word_1_275' title='bbox 412 4042 507 4103; x_wconf 85' lang='lat' dir='ltr'><strong>Alex.</strong></span> <span class='ocrx_word' id='word_1_276' title='bbox 531 4058 581 4103; x_wconf 88' lang='lat' dir='ltr'><strong>vs.</strong></span> <span class='ocrx_word' id='word_1_277' title='bbox 609 4044 692 4102; x_wconf 86' lang='lat'>1141</span> <span class='ocrx_word' id='word_1_278' title='bbox 717 4043 862 4104; x_wconf 85' lang='lat' dir='ltr'><strong>servatis</strong></span> <span class='ocrx_word' id='word_1_279' title='bbox 885 4045 943 4104; x_wconf 89' lang='lat' dir='ltr'><strong><em>sed</em></strong></span> <span class='ocrx_word' id='word_1_280' title='bbox 967 4043 1054 4104; x_wconf 82' lang='lat' dir='ltr'><strong>male</strong></span> <span class='ocrx_word' id='word_1_281' title='bbox 1073 4044 1252 4106; x_wconf 84' lang='lat' dir='ltr'><strong>intellectis</strong></span> <span class='ocrx_word' id='word_1_282' title='bbox 1268 4049 1374 4107; x_wconf 86' lang='lat' dir='ltr'><strong>totam</strong></span> 
     </span>
     <span class='ocr_line' id='line_1_31' title="bbox 137 4154 1374 4233; baseline 0.005 -18"><span class='ocrx_word' id='word_1_283' title='bbox 137 4154 287 4215; x_wconf 82' lang='lat' dir='ltr'><strong>fabulam</strong></span> <span class='ocrx_word' id='word_1_284' title='bbox 306 4156 346 4215; x_wconf 86' lang='lat' dir='ltr'><strong><em>dc</em></strong></span> <span class='ocrx_word' id='word_1_285' title='bbox 365 4155 548 4216; x_wconf 86' lang='lat' dir='ltr'><strong>infantibus</strong></span> <span class='ocrx_word' id='word_1_286' title='bbox 560 4156 675 4216; x_wconf 83' lang='lat' dir='ltr'><strong>missis</strong></span> <span class='ocrx_word' id='word_1_287' title='bbox 687 4170 761 4218; x_wconf 90' lang='lat' dir='ltr'><strong>esse</strong></span> <span class='ocrx_word' id='word_1_288' title='bbox 774 4157 1010 4232; x_wconf 81' lang='lat' dir='ltr'><strong>excogitatam.</strong></span> <span class='ocrx_word' id='word_1_289' title='bbox 1023 4157 1105 4218; x_wconf 78' lang='lat' dir='ltr'><strong>uoce</strong></span> <span class='ocrx_word' id='word_1_290' title='bbox 1118 4159 1204 4233; x_wconf 83' lang='lat' dir='ltr'><strong>apud</strong></span> <span class='ocrx_word' id='word_1_291' title='bbox 1217 4159 1374 4221; x_wconf 85' lang='lat' dir='ltr'><strong>Tzetzam</strong></span> 
     </span>
     <span class='ocr_line' id='line_1_32' title="bbox 138 4265 1375 4348; baseline 0.003 -19"><span class='ocrx_word' id='word_1_292' title='bbox 138 4271 276 4329; x_wconf 80' lang='lat' dir='ltr'><strong>exstant</strong></span> <span class='ocrx_word' id='word_1_293' title='bbox 299 4269 401 4329; x_wconf 86' lang='lat' dir='ltr'><strong>verba</strong></span> <span class='ocrx_word' id='word_1_294' title='bbox 432 4265 552 4346; x_wconf 88' lang='grc' dir='ltr'><strong><em>,βρέφη</em></strong></span> <span class='ocrx_word' id='word_1_295' title='bbox 582 4265 799 4328; x_wconf 84' lang='grc' dir='ltr'><strong><em>ένιαύσια”.</em></strong></span> <span class='ocrx_word' id='word_1_296' title='bbox 824 4270 940 4330; x_wconf 86' lang='lat' dir='ltr'><strong>Nonne</strong></span> <span class='ocrx_word' id='word_1_297' title='bbox 965 4270 1027 4330; x_wconf 89' lang='lat' dir='ltr'><strong><em>hoc</em></strong></span> <span class='ocrx_word' id='word_1_298' title='bbox 1051 4270 1214 4332; x_wconf 79' lang='lat' dir='ltr'><strong>adlectivo</strong></span> <span class='ocrx_word' id='word_1_299' title='bbox 1237 4288 1375 4348; x_wconf 88' lang='lat' dir='ltr'><strong>prorsus</strong></span> 
     </span>
     <span class='ocr_line' id='line_1_33' title="bbox 140 4379 1375 4461; baseline 0.003 -18"><span class='ocrx_word' id='word_1_300' title='bbox 140 4397 387 4457; x_wconf 82' lang='lat' dir='ltr'><strong>supervacaneo</strong></span> <span class='ocrx_word' id='word_1_301' title='bbox 421 4398 589 4443; x_wconf 85' lang='lat' dir='ltr'><strong>memores</strong></span> <span class='ocrx_word' id='word_1_302' title='bbox 623 4381 723 4444; x_wconf 89' lang='lat' dir='ltr'><strong>fimus</strong></span> <span class='ocrx_word' id='word_1_303' title='bbox 757 4391 817 4442; x_wconf 81' lang='grc' dir='ltr'><strong><em>τῶν</em></strong></span> <span class='ocrx_word' id='word_1_304' title='bbox 847 4379 1014 4461; x_wconf 77' lang='grc' dir='ltr'><strong><em>παρθένων</em></strong></span> <span class='ocrx_word' id='word_1_305' title='bbox 1044 4379 1230 4445; x_wconf 69' lang='grc' dir='ltr'><strong><em>ένιαυσιονέ</em></strong></span> <span class='ocrx_word' id='word_1_306' title='bbox 1260 4387 1375 4447; x_wconf 89' lang='lat' dir='ltr'><strong>Nonne</strong></span> 
     </span>
     <span class='ocr_line' id='line_1_34' title="bbox 141 4492 1377 4574; baseline 0.006 -21"><span class='ocrx_word' id='word_1_307' title='bbox 141 4496 194 4556; x_wconf 87' lang='lat' dir='ltr'><strong><em>hic</em></strong></span> <span class='ocrx_word' id='word_1_308' title='bbox 214 4496 426 4571; x_wconf 85' lang='lat' dir='ltr'><strong>perspicuum</strong></span> <span class='ocrx_word' id='word_1_309' title='bbox 450 4494 499 4570; x_wconf 87' lang='lat' dir='ltr'><strong><em>fit,</em></strong></span> <span class='ocrx_word' id='word_1_310' title='bbox 524 4496 689 4569; x_wconf 90' lang='lat' dir='ltr'><strong>quomodo</strong></span> <span class='ocrx_word' id='word_1_311' title='bbox 717 4512 734 4556; x_wconf 91' lang='lat' dir='ltr'><strong>e</strong></span> <span class='ocrx_word' id='word_1_312' title='bbox 758 4494 926 4574; x_wconf 81' lang='grc' dir='ltr'><strong><em>παρθένοις</em></strong></span> <span class='ocrx_word' id='word_1_313' title='bbox 950 4492 1150 4568; x_wconf 77' lang='grc' dir='ltr'><strong><em>ἐνιαυσιαίοις</em></strong></span> <span class='ocrx_word' id='word_1_314' title='bbox 1170 4497 1278 4559; x_wconf 85' lang='lat' dir='ltr'><strong>lectae</strong></span> <span class='ocrx_word' id='word_1_315' title='bbox 1297 4501 1377 4559; x_wconf 87' lang='lat' dir='ltr'><strong>sunt</strong></span> 
     </span>
     <span class='ocr_line' id='line_1_35' title="bbox 142 4605 1375 4688; baseline 0.005 -20"><span class='ocrx_word' id='word_1_316' title='bbox 142 4608 312 4683; x_wconf 75' lang='lat' dir='ltr'><strong><em>¹‚infantes</em></strong></span> <span class='ocrx_word' id='word_1_317' title='bbox 347 4608 498 4669; x_wconf 85' lang='lat' dir='ltr'><strong>feminini</strong></span> <span class='ocrx_word' id='word_1_318' title='bbox 530 4609 662 4683; x_wconf 86' lang='lat' dir='ltr'><strong>generis</strong></span> <span class='ocrx_word' id='word_1_319' title='bbox 693 4605 845 4683; x_wconf 80' lang='grc' dir='ltr'><strong><em>ένιαύοοι,</em></strong></span> <span class='ocrx_word' id='word_1_320' title='bbox 877 4609 930 4669; x_wconf 87' lang='lat' dir='ltr'><strong>vel</strong></span> <span class='ocrx_word' id='word_1_321' title='bbox 958 4606 1055 4688; x_wconf 87' lang='grc' dir='ltr'><strong><em>βρέφη</em></strong></span> <span class='ocrx_word' id='word_1_322' title='bbox 1080 4606 1232 4688; x_wconf 81' lang='grc' dir='ltr'><strong><em>ἐνιαύσια,</em></strong></span> <span class='ocrx_word' id='word_1_323' title='bbox 1258 4613 1375 4674; x_wconf 86' lang='lat' dir='ltr'><strong>deinde</strong></span> 
     </span>
     <span class='ocr_line' id='line_1_36' title="bbox 140 4718 1376 4801; baseline 0.006 -21"><span class='ocrx_word' id='word_1_324' title='bbox 140 4718 255 4799; x_wconf 84' lang='grc' dir='ltr'><strong><em>βρέφη,</em></strong></span> <span class='ocrx_word' id='word_1_325' title='bbox 292 4721 432 4795; x_wconf 87' lang='lat' dir='ltr'><strong>denique</strong></span> <span class='ocrx_word' id='word_1_326' title='bbox 470 4718 589 4801; x_wconf 85' lang='grc' dir='ltr'><strong><em>,βρέφη</em></strong></span> <span class='ocrx_word' id='word_1_327' title='bbox 625 4736 702 4782; x_wconf 90' lang='lat' dir='ltr'><strong><em>cum</em></strong></span> <span class='ocrx_word' id='word_1_328' title='bbox 732 4721 962 4783; x_wconf 80' lang='lat' dir='ltr'><strong>nutricibus‘&#39;?</strong></span> <span class='ocrx_word' id='word_1_329' title='bbox 989 4722 1142 4784; x_wconf 84' lang='lat' dir='ltr'><strong>Errorem</strong></span> <span class='ocrx_word' id='word_1_330' title='bbox 1166 4726 1376 4788; x_wconf 79' lang='lat' dir='ltr'><strong>hauddubie</strong></span> 
     </span>
    </p>
   </div>
   <div class='ocr_carea' id='block_1_5' title="bbox 0 0 1768 5692">
    <p class='ocr_par' dir='ltr' id='par_1_7' title="bbox 0 0 1768 5692">
     <span class='ocr_line' id='line_1_37' title="bbox 0 0 1768 5692; baseline 0 0"><span class='ocrx_word' id='word_1_331' title='bbox 0 0 1768 5692; x_wconf 95' lang='lat' dir='ltr'><strong><em> </em></strong></span> 
     </span>
    </p>
   </div>
  </div>
 </body>
</html>
