3525 5692
379 669 420 730 62
898 684 939 729 nr
961 685 1072 730 araon.

423 859 574 921 Libenter
597 859 717 920 ‘Betbio
752 862 886 920 auctore
920 859 982 920 hoc
1015 859 1195 934 laciomua;
1227 874 1294 920 non
1323 861 1438 919 tamen
1465 856 1502 915 ut
1523 867 1605 914 cum

385 974 500 1034 Bethio
532 974 608 1034 inde
642 971 826 1034 efficiamus
860 971 1062 1033 Teucrorum
1097 986 1219 1033 nomen
1254 971 1306 1032 vel
1341 970 1453 1046 ipsum
1485 968 1607 1028 Troiae

378 1101 497 1147 nornen
528 1102 570 1148 ex
599 1087 710 1147 Attica
742 1100 762 1146 a
791 1086 898 1161 poetis
920 1086 1026 1146 fuisse
1048 1086 1283 1162 depromptum
1306 1088 1405 1159 atque
1428 1085 1461 1143 in
1485 1082 1606 1141 Asiam

378 1203 418 1262 ad
447 1201 575 1277 epicum
606 1213 739 1261 carmen
769 1200 978 1276 pangendum
1001 1200 1206 1261 translatum
1231 1202 1268 1260 ut
1290 1200 1431 1260 aliarum
1452 1195 1606 1272 gentium

376 1315 580 1388 aliorumque
614 1314 751 1374 heroum
786 1314 886 1375 rebus
919 1315 1025 1389 gestis
1058 1317 1243 1375 ornaretur.
1282 1314 1354 1374 Non
1388 1312 1473 1386 quod
1507 1323 1607 1382 nege

378 1444 453 1489 mus
472 1428 540 1489 ulla
558 1428 695 1489 heroum
716 1427 766 1487 vel
779 1429 929 1502 gentium
942 1428 1127 1490 certamina
1137 1430 1171 1488 in
1184 1428 1322 1489 Graecia
1333 1429 1468 1503 peracta
1489 1423 1606 1484 Iliadis

377 1543 410 1602 in
445 1545 638 1603 contextum
674 1541 884 1604 volventibus
913 1543 1011 1602 aunis
1037 1557 1112 1603 esse
1138 1543 1275 1603 inserta.
1308 1542 1440 1617 Optimo
1462 1541 1547 1614 iure,
1573 1537 1605 1596 si

379 1657 455 1730 quid
478 1657 643 1731 videmus,
662 1657 750 1717 inter
773 1656 838 1718 alia
861 1657 912 1718 vir
932 1658 1175 1732 sagacissimus
1194 1656 1478 1719 constituitbaec:
1504 1652 1607 1729 „weit

378 1773 550 1846 getrennte
579 1770 795 1846 Einzelsagen
826 1786 891 1831 von
923 1772 984 1832 den
1005 1770 1291 1848 Heldenlrampren
1313 1772 1361 1832 im
1385 1767 1604 1831 liutterlande

378 1885 576 1947 entstanden
597 1884 662 1945 und
681 1885 714 1944 in
734 1885 795 1945 den
816 1884 1035 1960 urundzugsn
1054 1886 1177 1947 bereits
1199 1886 1264 1946 fest
1278 1886 1434 1960 geiormt,
1454 1884 1603 1943 konnton

379 2000 412 2058 in
446 1998 658 2060 Klein-Asida
689 2013 753 2059 neu
781 1998 891 2059 belebt
917 2000 983 2060 und
1016 2000 1119 2060 durch
1147 2014 1231 2061 noue
1253 1999 1479 2073 Eriahrungeu
1502 1995 1604 2056 berei·

379 2112 482 2188 cheri,
519 2111 606 2172 aber·
642 2113 709 2173 und
741 2112 906 2173 ebermals
935 2113 1163 2189 umgedichtet
1192 2115 1340 2174 undum
1364 2113 1459 2173 einen
1483 2108 1605 2171 Mittel-

378 2226 481 2300 punlrt
503 2226 704 2301 gesammelt
727 2226 794 2286 und
818 2226 921 2286 durch
944 2227 1002 2286 ihn
1025 2226 1215 2288 verbunden
1234 2227 1366 2287 werden
1390 2226 1442 2296 (id.
1463 2241 1493 2300 p.
1515 2225 1604 2293 19).”

379 2340 441 2401 Sed
464 2339 631 2400 interdum
655 2340 786 2414 ingenio
810 2354 846 2399 se
869 2339 974 2416 abripi
1001 2355 1123 2416 passus
1142 2344 1195 2402 est
1218 2341 1375 2414 Bethius;
1406 2340 1491 2414 quod
1513 2338 1605 2398 valet

380 2455 418 2514 de
453 2452 648 2526 quibusdam
680 2452 794 2513 iliadis
823 2452 944 2514 fabulis
974 2469 1039 2514 non
1069 2454 1160 2515 valet
1191 2455 1230 2515 de
1259 2455 1350 2515 omni
1373 2454 1476 2515 iliade
1499 2467 1606 2527 neque

380 2568 555 2642 quisquam
577 2566 674 2628 facile
696 2566 758 2627 sibi
787 2567 998 2642 persuadebit
1016 2569 1270 2630 Andromachen
1292 2603 1331 2613 -
1352 2583 1483 2629 merum
1506 2568 1604 2626 Arna-

380 2682 472 2742 zonis
495 2695 615 2741 nomen
637 2681 818 2742 -Thebis
842 2682 1088 2744 Phthiotidibus
1111 2686 1257 2762 venisse,
1281 2699 1388 2758 neque
1410 2686 1448 2745 ut
1470 2683 1604 2744 Hectori

380 2795 568 2870 assignetur
598 2794 688 2870 origo
717 2810 835 2870 graeca
865 2794 1020 2858 abutetur
1049 2798 1220 2859 Plutarchi
1243 2798 1351 2869 (Thes.
1376 2799 1430 2869 34)
1453 2798 1601 2859 observa-

379 2909 486 2970 tione:
515 2903 657 2988 ,Ἕκτορα
682 2905 715 2968 dt
733 2907 788 2987 τὴν
810 2911 996 2989 Τροιζηνίων
1019 2910 1109 2972 πόλιν
1133 2912 1264 2991 λαβόντα
1289 2912 1452 2992 διαρπάσαι
1474 2909 1524 2972 καὶ
1546 2908 1603 2987 τὴν

381 3021 504 3101 Αἴθραν
528 3019 653 3102 ἀπάγειν
676 3019 740 3083 ἐκεῖ
758 3027 1035 3101 καταλειφθεῖσαν”
1061 3027 1113 3097 (cf.
1137 3029 1167 3085 Γ
1188 3029 1272 3098 144).

425 3136 590 3212 Quaedam
614 3138 714 3212 igitur
737 3141 935 3214 argumenta
954 3141 1064 3202 Betbii
1083 3140 1251 3202 callidiora
1269 3156 1367 3216 quam
1388 3141 1518 3202 veriora
1532 3139 1602 3199 iure

379 3250 539 3312 refutavit
560 3249 696 3311 drusius
719 3253 1125 3330 (Sageuversohiebungen
1149 3256 1229 3316 Sitz.
1253 3257 1325 3317 Ber.
1351 3255 1480 3315 ltdnch.
1499 3253 1600 3315 Akad.

383 3365 477 3440 1905,
503 3363 554 3440 V),
580 3380 780 3439 quamquam
804 3367 954 3429 dolemus
973 3369 1061 3430 huno
1080 3370 1189 3431 virum
1209 3372 1317 3430 artem
1337 3383 1433 3429 suam
1455 3368 1600 3428 criticam

377 3478 410 3537 in
431 3478 657 3539 adversarium
675 3480 763 3541 iusto
783 3482 906 3558 acrius,
922 3483 1037 3566 hostili
1049 3483 1116 3544 iere
1135 3483 1261 3545 dixeris
1272 3484 1383 3559 modo,
1404 3482 1598 3555 exercuisse,

379 3606 442 3665 quo
476 3607 555 3653 suas
590 3595 896 3668 argumentationes
927 3611 1135 3672 nequaquam
1166 3597 1355 3672 stabilierit,
1386 3597 1490 3656 immo
1516 3595 1601 3654 lectu

379 3705 556 3767 reddiderit
577 3706 831 3769 iniucundiores'.

424 3820 513 3880 Neve
536 3820 648 3882 credat
668 3819 802 3883 Orosius
821 3838 960 3898 prorsus
979 3825 1019 3886 ad
1039 3825 1235 3901 absurdum,
1255 3827 1294 3886 ut
1313 3825 1441 3900 dicitur,
1462 3821 1602 3884 sodedu·

378 3932 470 3993 xisse
487 3932 689 3995 Phanodemi
708 3935 748 3995 de
764 3935 862 3997 Troia
874 3938 990 4013 attica,
1003 3939 1042 3999 de
1054 3939 1189 4000 Teucris
1201 3938 1325 4013 atticis,
1339 3937 1600 3998 observationem

380 4045 480 4107 allato
504 4046 709 4125 fragmento,
735 4050 820 4122 quod
845 4052 959 4112 exstat
970 4052 1075 4114 Procl.
1100 4053 1140 4113 ad
1161 4052 1246 4116 Tim.
1265 4068 1295 4127 p.
1310 4049 1389 4111 abo
1409 4052 1462 4121 (97
1481 4047 1601 4117 Diebl):

383 4157 473 4234 ,τοὺς
509 4155 541 4219 δὲ
571 4159 752 4238 Ἀθηναίους
788 4161 997 4243 Καλλισθένης
1029 4161 1083 4243 μὲν
1114 4162 1165 4225 καὶ
1192 4164 1375 4242 Φανόδημος
1398 4159 1526 4242 πατέρας
1543 4169 1602 4220 τῶν

379 4273 499 4330 Σαϊτῶν
533 4272 685 4353 ἱστοροῦσι
719 4273 896 4355 proludat&
932 4279 1054 4355 Quibus
1088 4279 1199 4341 verbis
1230 4279 1341 4340 allatis
1370 4277 1603 4355 gloriabundus

380 4385 565 4447 exclamat:
603 4388 681 4463 „Die
716 4389 817 4450 Troer
846 4392 953 4453 haben
985 4394 1018 4454 in
1046 4394 1162 4454 Attila
1185 4394 1277 4454 nicht
1298 4394 1394 4453 mehr
1418 4409 1458 4453 zu
1481 4391 1603 4452 sucheu

381 4498 430 4558 als
454 4499 505 4559 die
529 4502 663 4563 Manner
687 4518 748 4563 von
778 4504 884 4567 Sais.”
909 4507 994 4566 Nam
1012 4507 1093 4568 licet
1108 4507 1221 4568 nullus
1240 4522 1305 4567 non
1322 4504 1604 4568 concedatOrusio

381 4612 442 4672 hoc
475 4613 698 4688 fragmentum
735 4618 836 4678 tacite
870 4635 945 4680 esse
980 4620 1201 4697 abiciendum,
1239 4620 1316 4681 licet
1344 4635 1430 4681 unus
1461 4622 1493 4680 et
1523 4618 1606 4678 alter

381 4725 521 4788 fortasse
556 4729 729 4790 nobiscum
765 4732 906 4793 coniciet
938 4733 1056 4794 barum
1095 4734 1295 4809 ineptiarum
1338 4733 1499 4809 originem
1535 4745 1606 4793 esse
