3525 5692
378 679 420 738 86
908 693 949 738 nr
972 691 1082 738 Arrun.

376 861 487 922 tribus
516 861 621 921 oculis
651 860 827 936 praeditos.
859 862 975 923 Martis
998 875 1127 936 quoque
1158 860 1258 935 angui
1284 862 1373 936 ,tras
1397 859 1529 920 vibrant
1551 859 1607 919 iin-

375 990 473 1052 guae,
505 974 627 1050 triplici
658 977 751 1036 stant
773 976 885 1036 ordine
909 975 1049 1037 dentes”
1081 974 1186 1045 (Ovid.
1210 974 1286 1036 Met.
1313 975 1343 1052 3,
1369 974 1433 1044 34).
1464 974 1607 1048 Iuppiter

376 1088 462 1163 gerit
492 1087 618 1148 fulmen
649 1088 839 1165 trisulcum,
871 1090 1045 1166 Neptunus
1068 1087 1263 1163 tridentem,
1288 1087 1448 1147 Hercules
1472 1089 1506 1147 et
1527 1086 1604 1147 The·

377 1215 455 1261 scus
489 1200 619 1262 clavam
656 1201 820 1271 trinodem
857 1202 962 1272 (Ovid.
994 1201 1082 1262 Fast.
1115 1203 1140 1276 Ι,
1166 1201 1248 1276 575;
1282 1200 1415 1262 Heroid.
1440 1201 1495 1276 IV,
1523 1201 1594 1271 115)

378 1312 451 1373 Huc
482 1328 609 1387 quoque
639 1313 717 1373 facit
748 1310 895 1386 τρισκελές
924 1313 1006 1375 illud
1030 1315 1063 1375 tn
1088 1313 1237 1374 nummis
1260 1312 1368 1390 lyciis,
1395 1313 1607 1388 syracusanis

380 1425 492 1501 ,janes
521 1427 657 1486 weithtn
690 1426 887 1488 verbreitete
919 1427 1070 1503 symbol,
1104 1427 1162 1487 das
1193 1440 1308 1500 wegen
1339 1427 1449 1487 seiner
1481 1429 1605 1502 apctro·

377 1538 534 1614 paiscnen
556 1539 654 1601 Krait
676 1540 798 1601 ebenso
821 1541 885 1600 wie
908 1539 1107 1602 Donnerlreil
1135 1539 1201 1600 und
1225 1538 1431 1614 Gorgoneion
1455 1555 1532 1615 geru
1558 1540 1609 1601 ale

377 1652 596 1713 schdtzsndes
625 1653 768 1714 Zeichen
798 1653 856 1714 aui
884 1653 1039 1714 Schilden
1070 1653 1275 1728 angebracht
1298 1653 1431 1713 wurde”
1456 1647 1606 1733 (Usener,

378 1766 545 1836 Dreihait).
580 1767 673 1828 Inest
706 1767 739 1827 in
774 1783 914 1828 numero
949 1769 1019 1829 tres
1049 1768 1101 1828 vis
1135 1767 1296 1840 quaedam
1336 1767 1479 1843 magica,
1525 1781 1607 1840 quae

378 1893 509 1954 semper
537 1881 690 1940 naturam
714 1894 815 1955 supra
837 1880 1036 1956 humanam,
1061 1877 1222 1957 δαίμονιόν
1245 1901 1288 1953 τι,
1314 1878 1447 1941 indicat.
1557 1858 1562 1864 ⁵

422 1992 485 2052 Sed
508 1992 654 2054 nondum
678 1993 945 2068 deprompsimus
969 1997 1087 2054 cuncta
1107 1993 1307 2054 documenta
1325 1992 1438 2054 Aiacis
1457 1993 1601 2067 originis.

321 2134 325 2141 1
378 2108 462 2167 Nam
492 2108 600 2167 mater
630 2105 743 2167 Aiacis
773 2105 931 2167 Periboea
960 2121 1055 2168 soror
1085 2109 1137 2167 est
1171 2104 1328 2183 capanei,
1364 2106 1453 2168 illius
1484 2107 1601 2182 herois,

379 2222 473 2280 cuius
495 2219 605 2294 imago
629 2219 678 2280 sic
697 2220 737 2280 ab
761 2219 928 2294 Aeschylo
952 2219 1155 2295 depingitur:

555 2330 720 2404 Καπανεὺς
744 2327 771 2392 δ’
800 2327 843 2392 ἐπ’
865 2326 1074 2410 Ἠλέκτραισιν
1097 2331 1212 2412 εἴληχεν
1234 2332 1355 2411 πύλαις,

555 2446 640 2526 γίγας
664 2441 710 2506 ὅδ’
737 2442 825 2517 ἄλλος
848 2453 902 2506 τοῦ
926 2446 1023 2524 πάρος
1045 2443 1225 2525 λελεγμένου

555 2559 678 2637 μείζων,
691 2555 706 2619 ὁ
719 2557 834 2637 κόμπος
847 2554 874 2620 δ’
892 2558 928 2620 οὐ
940 2553 1002 2619 κατ’
1017 2555 1186 2638 ἄνθρωπον
1198 2563 1314 2639 φρονεῖ.
1339 2560 1439 2636 (Sept.
1449 2562 1602 2636 410sqq.)

422 2673 597 2734 Rhetorice
630 2673 788 2734 nimirum
825 2675 923 2748 poeta
957 2673 1011 2735 hic
1043 2673 1147 2734 utitur
1189 2673 1348 2735 vocabulo
1381 2674 1534 2754 γίγαντος,
1571 2676 1606 2734 ai

379 2788 519 2849 observa
553 2786 806 2849 similitudinem
840 2793 895 2847 τσῦ
929 2783 1029 2864 ἤθους
1063 2787 1150 2849 inter
1184 2786 1371 2864 Capaneum
1406 2790 1440 2849 et
1470 2789 1604 2850 Aiacem

378 2903 449 2964 veri
483 2901 628 2978 gigantis
658 2903 823 2977 nepotem.
854 2900 963 2962 Verba
992 2916 1115 2976 magna
1144 2903 1252 2963 iacere
1275 2903 1407 2976 utrique
1431 2917 1605 2964 commune

378 3019 445 3094 est,
470 3017 555 3091 quod
580 3014 700 3075 clarius
725 3014 827 3076 etiam
850 3013 888 3074 fit
911 3014 1042 3076 collatis
1066 3015 1218 3076 versibus
1242 3016 1307 3076 414
1331 3031 1419 3090 sqq.:

555 3133 634 3189 θεοῦ
658 3150 687 3188 τε
710 3125 767 3208 γὰρ
790 3125 935 3199 θέλοντας
959 3125 1113 3208 ἐκπέρσειν
1136 3126 1225 3189 πόλιν

556 3240 606 3304 καλ
631 3240 671 3320 μὴ
694 3239 839 3313 θέλοντος
863 3240 972 3320 φησίν,
996 3237 1069 3302 odit
1092 3241 1147 3320 τὴν
1169 3241 1241 3315 Διὸς

555 3355 618 3437 έριν
641 3354 727 3417 πέδοι
750 3355 912 3434 σκήψασαν
937 3352 1078 3432 ἐμποδὼν
1100 3360 1234 3434 σχεθεῖν,

380 3489 456 3534 cum
479 3472 591 3532 Aiacis
613 3469 724 3531 verbis
747 3469 765 3529 d
789 3471 853 3530 503
877 3485 941 3544 sq.:

688 3580 878 3660 ὑπερφιάλον
901 3578 998 3653 λέπος
1021 3578 1127 3659 ἔκβαλε
1150 3578 1202 3640 καλ
1225 3577 1284 3662 μέγ’
1311 3580 1425 3662 ἀάσθιγ

553 3692 611 3774 ’φῆ
634 3692 661 3777 ῤ’
688 3693 814 3773 ἀέέκητι
837 3699 922 3756 θεῶν
945 3691 1080 3775 φνγέμεν
1105 3691 1180 3776 μέγα
1203 3699 1312 3775 λαῖτμα
1335 3696 1503 3776 θαλάσσης.

333 3835 351 3866 ν
423 3811 595 3888 Capaneus
618 3811 671 3872 vel
695 3811 887 3887 Skapaneus
911 3815 942 3879 (a
964 3809 1065 3871 verbo
1090 3809 1209 3870 σκάπτω
1233 3813 1270 3873 ut
1293 3812 1432 3874 coniecit
1449 3813 1602 3876 Wilamo·

378 3926 469 3995 witz)
492 3922 525 3985 ἐν
548 3935 587 4008 τῷ
611 3933 664 4003 τῆς
689 3921 815 3995 ἀσπίδος
839 3923 952 4008 σημείῳ
975 3924 1040 3984 fert
1063 3923 1250 3998 gigantem:

554 4037 611 4117 ἔχει
635 4034 668 4097 δέ
691 4045 773 4115 σῆμα
796 4035 917 4117 γυμνὸν
940 4033 1039 4115 ἄνδρα
1061 4037 1242 4117 πυρφόρον,

555 4148 656 4231 φλέγει
680 4146 712 4211 di
735 4149 855 4230 λαμπὰς
879 4150 930 4211 διὰ
954 4160 1050 4231 γερῶν
1072 4148 1244 4231 ὡπλισμένη

378 4268 446 4344 vel,
471 4269 508 4328 ut
531 4266 711 4328 afferamus
734 4266 835 4327 verba
857 4266 1033 4342 Euripidea
1057 4266 1192 4338 (Phoen.
1220 4267 1303 4328 1181
1325 4272 1404 4341 ερατ

555 4380 641 4461 γίγας
665 4374 707 4439 ee
734 4377 826 4458 ὤμοις
849 4377 981 4460 γηγενὴς
1006 4377 1079 4458 ὅλην
1102 4378 1190 4440 πόλιν

556 4492 656 4575 φέρων
680 4499 834 4574 μοχλοῖσιν
858 4492 1070 4568 έξανασπάσας
1093 4493 1231 4574 βάθρων.

422 4609 637 4684 Participium
661 4606 879 4686 ἐξανασπάσας,
906 4610 992 4683 quod
1012 4611 1179 4670 memorat
1201 4611 1340 4682 etymon
1363 4609 1509 4670 nominis
1532 4609 1605 4670 Sca-

377 4725 488 4799 panei,
525 4739 624 4797 quam
658 4724 728 4784 sint
759 4723 846 4784 inter
876 4739 913 4784 se
942 4723 1071 4784 similes
1099 4723 1197 4784 heros
1228 4723 1300 4797 ipse
1331 4725 1365 4784 st
1388 4723 1483 4797 gigas
1509 4738 1605 4796 quem
