3525 5692
362 698 426 756 190
718 715 761 759 nu
782 713 999 759 mommolus
1022 713 1217 759 conuocare.

357 885 500 945 indolem
536 887 730 961 prudentem
765 893 818 945 τοῦ
852 885 982 964 χθονίον
1012 891 1089 945 θεοῦ
1120 885 1304 960 indicabat;
1335 885 1454 946 deinde
1484 899 1501 944 e
1531 884 1583 944 dis

359 999 479 1059 mutati
505 1000 538 1059 in
561 1014 656 1075 reges
678 999 846 1074 mythicos
869 1003 918 1071 (ut
940 1000 1163 1075 Amphiaraus
1187 999 1253 1070 ille)
1276 1014 1296 1058 a
1319 1000 1415 1074 poeta
1438 998 1580 1072 quodam

356 1111 455 1171 seriei
484 1128 600 1187 regum
630 1112 923 1174 Orchomeniorum
954 1117 1033 1174 sunt
1058 1113 1189 1187 inserti,
1214 1115 1252 1172 ut
1274 1114 1411 1188 apparet
1433 1111 1582 1186 inspecto

356 1223 520 1286 Pausania
538 1227 599 1301 IX,
622 1228 675 1302 37,
697 1230 728 1288 4.
748 1228 867 1287 Narrat
886 1227 976 1288 enim
996 1227 1180 1301 periegetes
1198 1240 1309 1300 regem
1323 1225 1581 1298 Orchomenum,

357 1338 486 1413 Minyae
512 1339 633 1416 lilium,
650 1342 832 1416 proqeaiem
851 1357 914 1402 noa
934 1341 1106 1415 reliquisse,
1127 1338 1414 1415 imperiumquae
1433 1339 1583 1400 transisse

355 1450 388 1509 in
409 1450 604 1525 clymenum
623 1453 800 1513 oriundum
820 1469 862 1513 ex
883 1453 1029 1513 Athama
1047 1453 1219 1527 Laphystii
1238 1468 1331 1527 rege;
1349 1455 1581 1526 postmortem

356 1577 434 1623 vero
465 1565 644 1640 Trophonii
673 1569 708 1627 et
736 1566 919 1641 Agamedis
940 1568 1055 1627 iterum
1077 1567 1226 1627 transisse
1248 1581 1384 1641 requam
1407 1567 1441 1625 in
1463 1581 1580 1626 novum

354 1693 454 1753 qeaaa
477 1682 586 1739 ortum
611 1695 628 1739 e
652 1681 755 1741 Marte
778 1681 849 1740 deo.
873 1679 965 1740 idem
989 1680 1131 1740 fortasse
1152 1682 1249 1755 poeta
1272 1682 1426 1752 quartum
1446 1679 1581 1740 heroem

354 1792 482 1852 invenit
504 1791 676 1866 Erginum,
701 1794 831 1866 patrem
854 1792 1033 1868 Trophonii
1057 1794 1091 1852 et
1109 1792 1305 1866 Agamana,
1325 1807 1386 1853 nec
1405 1790 1581 1852 obscurum

354 1905 494 1981 videtur,
513 1919 614 1979 quare
634 1919 710 1964 eum
731 1904 860 1965 crearit.
882 1905 951 1980 Qua
970 1905 1009 1964 de
1027 1919 1063 1965 re
1081 1905 1179 1981 paulo
1199 1905 1306 1966 fusius
1321 1905 1405 1965 mihi
1417 1905 1581 1981 agendum

355 2020 419 2093 est,
445 2033 520 2078 oum
543 2018 654 2092 ipsum
678 2017 777 2077 huius
800 2017 1004 2090 quaestionis
1028 2017 1197 2078 cardinem
1219 2019 1347 2092 tangat.

397 2130 477 2191 Inde
506 2146 526 2191 a
556 2132 704 2206 tempore
731 2129 963 2204 antiquissimo
986 2131 1192 2205 Trophonius
1215 2133 1249 2191 et
1272 2131 1374 2191 trater
1397 2133 1583 2192 structores

353 2246 448 2321 periti
465 2245 621 2304 videntur
639 2257 713 2304 esse
733 2243 852 2317 habiti;
873 2242 1053 2319 scriptores
1072 2246 1201 2320 tamen,
1222 2243 1279 2318 qui
1291 2247 1368 2304 ante
1380 2244 1582 2306 Pausaniam

354 2359 524 2434 vixerunt,
545 2357 668 2418 mirum
687 2356 727 2416 de
746 2371 786 2416 ea
803 2371 839 2416 re
854 2358 991 2417 servant
1001 2355 1183 2418 silentium.
1196 2356 1318 2431 Hymn.
1331 2356 1438 2433 Apoll.
1451 2373 1501 2419 vs.
1515 2359 1582 2420 296

353 2470 498 2546 legimus
521 2471 672 2545 quidem:
719 2465 722 2470 ’
1583 2474 1587 2479 ’

571 2583 678 2643 λάϊνον
701 2580 795 2642 οὐδὸν
818 2579 912 2658 ἔθηκε
937 2581 1115 2661 Τροφώνιος
1138 2577 1186 2660 ἠδ’
1213 2581 1381 2664 Ἀγαμήδης

570 2696 643 2768 υἱεῖς
661 2690 820 2775 Ἐργίνου,
842 2696 926 2773 φίλοι
949 2693 1135 2755 ἀθανάτοισι
1157 2701 1277 2756 θεοῖσιν
1292 2691 1328 2776 ¹),

352 2810 408 2871 ubi
438 2811 478 2871 de
508 2812 578 2872 solo
609 2811 736 2885 lapideo
766 2811 798 2871 iu
829 2810 992 2886 Apollinis
1022 2810 1171 2885 Delphici
1193 2825 1288 2872 sacro
1311 2825 1422 2871 sermo
1446 2809 1496 2886 tlt,
1522 2811 1583 2871 sed

351 2940 456 2998 noque
487 2924 687 2999 Herodotus,
719 2923 797 2984 licet
828 2923 956 2985 duobus
985 2923 1067 2984 locis
1090 2924 1131 2999 (I,
1156 2925 1214 2999 46,
1243 2924 1301 2997 123
1325 2923 1417 2999 VHI,
1445 2925 1521 2998 134,
1548 2925 1581 2994 3)

351 3037 521 3097 oraculum
553 3036 731 3110 Trophonii
755 3038 1007 3110 cemmemoret,
1034 3035 1112 3096 licet
1134 3036 1323 3096 uberrimus
1345 3035 1448 3096 sitin
1470 3051 1582 3096 narra-

350 3150 440 3210 tione
458 3151 499 3210 de
517 3150 674 3211 thesauro
694 3148 932 3225 Rhampsiniti,
952 3163 1038 3222 quae
1055 3149 1181 3210 homini
1194 3149 1247 3210 vel
1260 3149 1408 3210 maxime
1418 3149 1582 3211 oblivioso

351 3263 523 3324 historiam
544 3263 584 3322 de
603 3264 764 3323 architecto
783 3262 972 3338 Trophonio
991 3262 1025 3321 in
1045 3263 1242 3323 memoriam
1263 3277 1419 3324 revocare
1432 3261 1580 3338 deberet,

349 3390 455 3448 neque
489 3376 607 3450 tragici
641 3375 746 3435 ullum
781 3375 921 3436 verbum
956 3376 997 3435 de
1030 3375 1089 3435 hac
1123 3376 1301 3452 Trophonii
1336 3376 1581 3450 Agamedisque

349 3489 467 3564 peritia
501 3489 624 3548 dicunt.
659 3488 831 3562 Euripides
865 3489 1099 3549 tantummodo
1134 3489 1280 3562 loquitur
1313 3490 1393 3559 (Ion.
1430 3504 1478 3548 vs.
1503 3490 1580 3560 300)

351 3603 390 3663 de
421 3606 524 3679 σηκοῖς
556 3600 751 3676 Τροφωνίου,
781 3602 801 3662 i.
834 3617 862 3661 e,
895 3601 935 3661 de
966 3616 1060 3662 sacro
1091 3602 1174 3662 loco,
1207 3601 1331 3663 Comici
1358 3616 1499 3676 quoque,
1524 3603 1581 3676 qui

349 3716 563 3777 vehementer
585 3715 619 3774 in
643 3715 827 3775 vanitatem
853 3715 951 3774 huius
975 3714 1221 3790 superstitionis
1244 3710 1580 3791 rivoaltensium

350 3833 421 3889 arte
445 3827 637 3889 aedificandi
661 3824 773 3886 οὐδένα
797 3826 897 3904 λόγον.
921 3827 1105 3902 Suspiceris
1128 3827 1196 3888 iere
1220 3830 1326 3889 totam
1347 3829 1579 3902 antiquitatem

350 3958 509 4003 versuum
532 3941 695 4014 Apollinis
719 3941 843 4016 Hymni
866 3936 971 4001 luisse
995 3940 1135 4004 oblitam
1159 3956 1262 4014 usque
1286 3942 1326 4001 ad
1345 3941 1580 4015 scholiastam‚

349 4056 405 4130 qui
434 4056 516 4116 Nub.
548 4056 613 4116 508
638 4055 811 4115 observat:
848 4059 932 4129 „(Tp.
963 4051 1015 4113 aul
1039 4059 1085 4124 u.)
1109 4053 1160 4113 τὸν
1185 4051 1217 4113 ἐν
1243 4059 1372 4130 Δελφοῖς
1397 4054 1580 4126 Ἀπόλλωνος

349 4168 425 4228 ναὸν
457 4166 702 4247 lipparitanam&
733 4167 866 4228 Dixeris
896 4168 1109 4243 Trophonum
1140 4167 1272 4228 Graecis
1298 4169 1434 4229 Periclis
1458 4171 1581 4230 aetatis

349 4298 478 4343 merum
511 4284 623 4341 vatem
653 4282 769 4356 fuisse,
803 4280 950 4355 quinimo
981 4280 1138 4341 audacius
1169 4282 1348 4342 conieceris
1371 4297 1489 4342 versus
1512 4282 1578 4342 lau·

356 4471 596 4480 -——-—-—-——=

384 4584 404 4647 1)
423 4587 462 4635 Oi.
480 4587 645 4635 Alton-siles
662 4587 717 4634 The
734 4587 805 4633 hom.
822 4587 923 4645 Hymns
941 4586 974 4632 sd
991 4586 1042 4633 loo.

381 4675 402 4738 ¹)
429 4679 487 4727 vid.
512 4692 553 4738 ap.
580 4679 737 4726 Meinelrium
761 4678 855 4737 fragm.
873 4677 989 4735 Oratini,
1007 4673 1193 4737 Osphisodori,
1212 4674 1344 4733 Alexidis,
1361 4675 1500 4724 Menandri
1517 4691 1539 4725 s.
1555 4691 1580 4724 v.

351 4770 526 4830 Trophonius.
