3525 5692
200 2379 363 2454 Euripidis
386 2379 535 2439 Alcestin
558 2379 709 2452 relegens
731 2379 825 2438 haesi
848 2379 882 2437 in
906 2377 1058 2438 versibus
1081 2379 1218 2452 aliquot,
1244 2377 1299 2451 qui
1317 2377 1383 2436 iam

153 2498 234 2554 ante
264 2510 318 2554 me
350 2496 513 2553 vexarunt
539 2493 723 2566 permultos
746 2508 851 2566 neque
875 2493 1016 2554 fortasse
1038 2495 1114 2568 post
1140 2507 1195 2552 me
1219 2489 1388 2550 vexabunt

154 2607 338 2680 pauciores.
370 2606 440 2665 Non
470 2606 555 2679 quod
584 2605 690 2679 fugiat
720 2621 781 2665 nos
811 2604 888 2679 quid
920 2605 1007 2665 dicat
1030 2607 1143 2678 poets;
1168 2605 1262 2664 cuius
1286 2601 1386 2663 verba

155 2721 296 2780 minime
325 2724 403 2781 sunt
433 2720 586 2795 obscura,
618 2720 695 2780 licet
725 2721 929 2780 constructio
959 2733 1024 2779 non
1049 2718 1089 2778 ab
1113 2719 1204 2778 omni
1226 2720 1320 2792 parte
1343 2716 1388 2776 sit

152 2821 344 2909 perspicua;
379 2835 437 2894 sed
471 2849 600 2894 sensus
624 2834 688 2893 loci
722 2834 854 2908 penitus
889 2832 1012 2907 percipi
1045 2832 1172 2908 nequit,
1207 2831 1271 2891 nisi
1301 2845 1319 2890 e
1349 2846 1385 2890 re

153 2948 379 3022 mythologice
409 2951 542 3023 petatur
572 2947 746 3008 auxilium.
776 2947 817 3008 ut
839 2947 992 3006 adierunt
1014 2947 1138 3007 dudum
1162 2946 1219 3005 alii
1243 2944 1386 3004 editores

152 3061 279 3121 iontem
300 3061 564 3135 mythologicum
586 3094 625 3102 -
647 3061 771 3134 optime
791 3061 854 3120 sibi
874 3061 997 3120 conscii
1018 3060 1059 3120 ad
1074 3061 1219 3133 tragicos
1233 3061 1386 3132 antiquos

154 3175 332 3235 ascendere
363 3190 429 3234 non
460 3189 567 3250 posse,
600 3175 664 3233 nisi
687 3175 743 3247 qui
767 3174 865 3233 huius
888 3174 990 3234 fontis
1012 3172 1151 3246 lympha
1174 3173 1385 3245 antiquorum

155 3289 330 3348 hominurn
361 3289 401 3348 de
432 3287 531 3348 rebus
560 3288 665 3347 sacris
692 3287 903 3361 opinionibus
932 3287 976 3346 sit
1004 3287 1154 3346 initiatus
1185 3319 1222 3327 -
1258 3299 1385 3345 necnon

155 3400 235 3461 iecit
254 3401 350 3461 huius
368 3400 555 3475 tragoediae
574 3401 692 3474 editor,
712 3400 925 3460 Hermannus
944 3399 1083 3474 Hayley,
1102 3400 1159 3472 qui
1178 3400 1289 3459 varios
1302 3397 1389 3458 uude

157 3514 269 3575 fabula
302 3515 455 3589 provenit
490 3515 625 3586 mythos
654 3513 834 3587 afferendo,
865 3512 1059 3587 ordinando,
1091 3512 1299 3586 explicando,
1331 3527 1388 3586 pro

157 3627 281 3688 viribus
307 3629 378 3688 suis
399 3628 507 3688 iacere
532 3643 616 3702 quae
639 3626 790 3688 facienda
812 3629 908 3686 erant
930 3625 1139 3686 laudabiliter
1162 3630 1215 3685 est
1237 3627 1388 3685 conatus.

158 3741 218 3818 Qui
252 3743 330 3802 licet
359 3757 431 3802 rem
462 3742 503 3802 ad
533 3740 635 3802 finem
666 3741 814 3801 nondum
845 3740 1050 3816 perduxerit,
1083 3742 1135 3800 est
1164 3741 1278 3798 tamen
1302 3738 1389 3812 quod

158 3856 376 3932 gaudeamus,
399 3857 648 3916 namfmultum
672 3855 883 3928 proiecimus.

207 3968 344 4045 Versus,
369 3968 564 4043 quoevum,
589 3975 667 4028 sunt
692 3969 767 4038 (446
791 3972 888 4041 equi:

381 4082 477 4142 ιιολλά
498 4097 531 4140 σι
554 4079 743 4158 μουσοκόλοι

381 4191 530 4272 μίλψουσι
553 4188 623 4255 καθ’
648 4191 812 4254 ἓνιτάτονόν
836 4187 856 4252 τ’
884 4189 986 4272 ὀρείαν

380 4306 468 4388 χίλον
492 4307 524 4368 ἕν
547 4304 567 4368 ν’
595 4305 719 4386 ἀλύροις
743 4305 878 4379 κλίοντες
902 4307 1026 4385 λίμναις,

380 4422 507 4505 Σπάρτᾳ
530 4423 640 4493 κύκλος
665 4418 755 4481 άνίκα
780 4421 933 4501 Καρνείου
956 4419 1159 4500 ιιερινίσσιιαι
1182 4419 1263 4499 ὥρας

382 4535 479 4614 μηνὸς
502 4533 680 4615 άειρομίνας

383 4654 541 4728 παννύχον
566 4650 693 4720 σελάνας

378 4764 537 4843 λιπαραῖσί
557 4757 579 4823 τ’
604 4760 637 4823 ἐν
660 4758 776 4840 ὀλβίαις
800 4761 954 4833 Ἀθάναις.
