3525 5692
527 738 570 781 ns
592 738 810 784 coeanours
832 739 1027 786 rnnreoma.
1326 727 1388 785 189

162 908 326 985 amplexi,
361 923 438 968 cum
467 909 508 970 ob
539 911 648 984 ipsum
679 913 848 972 auctorem
878 914 952 971 tum
983 911 1023 972 ob
1053 914 1263 986 argumenta,
1292 915 1392 988 digna

162 1024 217 1081 est
235 1037 320 1096 quas
339 1024 528 1084 accuratius
547 1027 776 1100 perpendatur.
796 1027 986 1103 Minyarum
1005 1027 1167 1089 coloniam
1186 1029 1392 1089 Orchomeno

162 1135 345 1209 prolectam
368 1136 402 1195 in
424 1137 596 1213 Triphylia
617 1140 806 1202 consedisse
827 1141 925 1201 docet
947 1140 1000 1201 vel
1019 1156 1140 1201 nomen
1159 1141 1252 1201 fluvii
1270 1143 1391 1217 ldinyei

166 1252 208 1315 (Λ
232 1249 323 1323 722),
346 1250 433 1322 quod
453 1251 571 1312 Strabo
590 1252 693 1328 (VIII,
714 1255 792 1323 847)
810 1254 1022 1328 probabiliter
1034 1255 1211 1315 admodum
1226 1256 1390 1330 allinyis,

165 1365 221 1437 qui
250 1381 292 1426 ex
325 1367 530 1428 Orchomeno
561 1367 702 1442 llinyeio
736 1383 812 1429 cum
847 1367 1000 1430 (lhloride
1034 1369 1183 1430 Nestoris
1217 1371 1323 1429 matre
1358 1369 1391 1428 in

166 1476 428 1553 Peloponnesum
469 1480 719 1554 immigrarunt,
761 1482 904 1542 deducit.
946 1482 1096 1542 Nestoris
1137 1497 1216 1542 vero
1248 1482 1390 1557 patriam

164 1589 268 1651 fuisse
298 1592 417 1665 Pylum
451 1593 642 1670 Triphylice,
673 1609 773 1655 nemo
802 1594 949 1670 negabit,
982 1595 1036 1669 qui
1067 1596 1100 1654 in
1133 1595 1279 1656 Muelleri
1308 1594 1391 1656 libro

165 1708 206 1779 (p.
232 1706 308 1774 364)
332 1707 507 1781 perlegerit
526 1707 784 1782 disputationem
804 1707 949 1769 debello
969 1723 1044 1769 cum
1064 1708 1162 1783 lipeis
1175 1711 1263 1783 acto,
1277 1708 1391 1769 elibro

166 1818 343 1880 undecimo
372 1819 486 1881 Iliadis
519 1824 609 1881 noto.
641 1820 734 1896 Quis,
765 1823 804 1881 ut
834 1836 938 1881 unum
969 1823 1205 1894 argumentum
1238 1821 1390 1896 afferam,

165 1933 277 1994 credat
298 1948 413 2010 pecus,
437 1936 521 2009 quod
545 1936 579 1995 in
598 1934 689 1995 Elide
708 1937 883 2008 coegerant
902 1934 1000 2010 Pylii,
1019 1950 1088 1995 uua
1106 1937 1202 1995 nocte
1221 1935 1255 1994 in
1275 1934 1388 1994 urbem

166 2045 403 2108 Messeniacam
427 2048 481 2122 agi
502 2049 651 2123 potuisse
673 2048 725 2117 (cf.
749 2052 780 2106 A
804 2049 869 2108 683
894 2049 979 2121 aql?

209 2160 253 2220 Hi
271 2160 373 2235 igitur
391 2161 520 2235 Minyae
538 2161 683 2236 lepidam
702 2160 930 2221 narrationem
950 2161 991 2221 de
1010 2175 1087 2234 rege
1107 2160 1229 2235 Hyrieo
1245 2175 1390 2221 secume

165 2275 270 2347 patria
294 2273 478 2336 attulerunt
501 2277 533 2336 et
557 2277 592 2335 in
610 2274 780 2349 Triphylia
796 2289 855 2350 pro
874 2274 1010 2334 nomine
1029 2274 1144 2348 Hyrlei
1162 2273 1243 2334 illud
1265 2274 1391 2349 Augiee

165 2389 357 2461 posuerunt.
399 2388 489 2448 Esto.
524 2388 587 2449 Sed
622 2403 679 2449 cur
712 2388 885 2448 fecerunt?
920 2387 984 2448 (tur
1017 2389 1051 2447 in
1082 2387 1252 2462 Triphylia
1280 2388 1392 2462 potius

167 2499 319 2561 volebant
357 2515 500 2575 narrare,
535 2500 701 2574 quomodo
739 2500 863 2574 Augias
898 2515 997 2574 quam
1034 2503 1090 2573 qui
1124 2500 1267 2575 Hyrieus
1302 2502 1391 2561 esset

165 2613 352 2689 spoliatus?
384 2613 489 2673 Nemo
523 2628 589 2674 nen
623 2612 850 2688 respondebit:
886 2614 1039 2687 quoniam
1072 2614 1106 2673 in
1136 2613 1227 2673 Elide
1257 2612 1390 2673 easdem

165 2729 277 2800 partes
308 2726 469 2786 adversus
500 2741 558 2786 eos
588 2725 706 2800 agebat
729 2727 868 2801 Augias,
894 2726 1013 2799 quibus
1035 2726 1180 2800 Hyrieus
1203 2726 1236 2785 in
1259 2725 1397 2785 Boeotia

164 2854 295 2915 semper
325 2842 398 2900 erat
426 2839 570 2900 functus.
601 2839 680 2899 Erat
709 2840 798 2900 enim
822 2842 961 2912 uterque
985 2839 1173 2913 ldinyarum
1197 2838 1305 2899 hostis
1327 2854 1395 2913 per·

164 2955 297 3026 petuus,
332 2952 439 3013 hostis
468 2952 584 3028 opibus
614 2952 797 3013 abundans.
829 2951 1022 3026 Signiheare
1053 2950 1154 3024 igitur
1184 2952 1246 3011 hoc
1276 2953 1393 3026 mytho

165 3065 319 3126 volebant
341 3066 469 3140 Minyae
492 3066 649 3141 Augiam,
674 3064 752 3125 licet
774 3065 892 3140 opibus
910 3064 1133 3141 praevaleret,
1153 3065 1287 3138 ingenio
1305 3067 1395 3125 certe

163 3178 243 3253 ipsis
280 3193 356 3239 esse
393 3180 572 3254 imparem,
608 3179 889 3252 quemadmodum
924 3179 1052 3239 lurtum
1088 3193 1107 3237 a
1142 3177 1327 3251 Trophonio
1361 3178 1394 3237 in

163 3292 323 3365 Hyrieum
346 3294 565 3353 commissum
586 3292 768 3352 celebrarat
787 3292 897 3352 maius
917 3291 1102 3366 ingenium,
1124 3290 1285 3350 acriorem
1302 3305 1394 3365 saga·

163 3405 296 3465 citatem
321 3406 629 3467 Orchomeniorum.
647 3407 731 3466 Nam
753 3405 865 3466 fabula
884 3407 924 3466 de
943 3405 1121 3480 Trophonii
1141 3405 1268 3465 astutia
1287 3406 1395 3480 magis

163 3519 369 3579 reconditum
400 3520 531 3593 quidem
564 3520 721 3595 primitus
748 3518 910 3580 habuerat
933 3534 1085 3593 sensum,
1110 3519 1168 3579 sed
1191 3519 1286 3578 iuxta
1308 3519 1394 3578 hanc

162 3630 450 3707 significationem,
493 3648 593 3706 quam
636 3634 710 3710 ipss
744 3636 882 3693 naturae
917 3633 1147 3708 phaenomena
1177 3631 1392 3706 praebebant,

161 3743 298 3804 inventa
328 3747 381 3804 est
411 3745 491 3820 3113,
524 3761 609 3819 quae
639 3745 761 3822 populo
789 3745 1028 3821 pedetemptim
1054 3760 1073 3804 3
1095 3744 1225 3819 mythis
1248 3745 1395 3820 physicis

161 3855 305 3917 alienato
336 3859 369 3917 et
398 3857 438 3917 ad
470 3858 741 3918 rationalismum
772 3872 936 3933 propenso
966 3856 1162 3917 satisfacere
1184 3860 1308 3932 posset.
1334 3857 1393 3933 Qui

160 3969 249 4029 enim
280 3974 376 4030 erant
406 3970 582 4032 architecti
608 3971 656 4032 illi
681 3971 909 4044 Orchomenii;
934 3971 1011 4044 quid
1035 3970 1099 4030 sibi
1122 3971 1256 4031 volebat
1278 3972 1394 4042 Hyriei

159 4081 216 4142 illa
245 4085 352 4156 gaza?
378 4084 540 4145 Thesauri
564 4100 582 4144 e
606 4085 690 4146 cella
712 4085 931 4145 subterranea
952 4085 1115 4160 protracti
1137 4085 1267 4159 proprio
1291 4099 1392 4144 sensu

160 4198 255 4256 erant
278 4196 404 4271 fruges,
429 4211 512 4269 quas
535 4198 698 4258 mortales
720 4200 792 4258 arte
815 4213 854 4258 ac
877 4197 990 4258 labore
1014 4201 1124 4257 terrae
1145 4211 1162 4256 e
1183 4196 1310 4269 gremio
1330 4197 1392 4255 sibi

158 4309 335 4383 parabant;
359 4310 569 4384 Trophonius
591 4309 645 4370 131
665 4310 868 4384 Trophonius
889 4311 929 4371 ab
949 4310 1076 4384 origine
1096 4310 1168 4370 erat
1180 4307 1261 4368 deus
1273 4286 1392 4382 aliquis

159 4421 358 4497 fertilitatis,
381 4423 438 4496 qui
458 4425 534 4497 post
556 4423 693 4497 longam
716 4424 919 4498 siccitatem,
933 4426 972 4483 ut
995 4422 1144 4496 pluviam
1164 4421 1328 4496 mitteret,
1350 4421 1391 4481 ab

158 4536 349 4596 hominibus
372 4536 435 4596 rite
459 4535 625 4596 orabatur,
649 4537 725 4598 Mox
750 4535 930 4611 clymenus
954 4537 986 4606 (1.
1011 4551 1039 4596 3.
1066 4533 1142 4605 Ζεὺς
1162 4532 1319 4611 Κλύμενος
1339 4535 1392 4594 131

160 4648 394 4723 Περικλύμενος)
418 4664 519 4708 avum
543 4649 615 4709 eius
634 4651 918 4724 repraesentabat,
939 4650 1010 4725 ipse
1030 4648 1237 4724 Trophonius
1257 4649 1391 4721 antiquo

154 4762 292 4822 nomine
311 4764 445 4822 servato
466 4764 561 4822 vates
581 4761 695 4838 fiebat,
716 4763 836 4822 tertius
855 4764 1042 4837 Agamedes
1055 4763 1086 4832 (1.
1101 4778 1129 4826 e.
1143 4762 1392 4846 sagacissimus)
