3525 5692
409 713 471 771 134
930 733 972 776 nn
994 732 1105 778 arsos.

403 903 580 976 praerupta
614 901 739 963 ducens
772 904 968 979 magnisque
1003 903 1186 966 obstaculis
1219 903 1415 980 impeditum
1454 904 1611 964 viatoribus

406 1013 610 1089 voluptatem
635 1016 870 1089 quaerentibus
893 1019 999 1079 sterni
1023 1020 1123 1092 atque
1145 1016 1280 1091 aequari
1302 1018 1449 1078 nondum
1474 1017 1578 1094 potuit.

448 1126 686 1190 Demonstrare
721 1133 862 1191 conatus
896 1146 972 1192 sum
1004 1131 1138 1213 Aiaces,
1170 1131 1286 1205 quales
1316 1131 1348 1190 in
1372 1130 1518 1191 carmine
1539 1131 1612 1205 epiro

404 1240 636 1320 depinguntur,
668 1242 708 1304 ab
739 1244 865 1318 origine
896 1245 1000 1306 luisse
1029 1260 1133 1306 unum
1164 1245 1314 1320 Aiacem,
1343 1244 1541 1319 locrensem,
1563 1259 1613 1304 non

404 1354 588 1430 hominem,
627 1357 687 1417 sed
720 1357 915 1420 daemonem
952 1358 1116 1432 quendam
1151 1358 1324 1433 gigantum
1360 1372 1380 1417 a
1413 1359 1533 1418 natura
1562 1372 1613 1417 non

405 1469 603 1533 absimilem.
625 1470 834 1534 Coniecimus
853 1473 941 1533 hunc
960 1473 1171 1548 daemonem,
1193 1487 1269 1533 cum
1288 1471 1431 1534 formam
1452 1471 1614 1532 humanam
1708 1455 1709 1462 '

403 1583 566 1645 induisset
595 1588 629 1646 et
659 1585 776 1646 notitia
806 1586 878 1647 eius
909 1586 949 1646 ad
980 1586 1092 1646 sinum
1120 1585 1313 1647 Saronicum
1341 1585 1559 1661 pervenisset,
1580 1583 1615 1643 ibi

403 1696 529 1758 iactum
560 1714 634 1760 esse
666 1698 803 1760 Aiacem
834 1700 1008 1778 maiorem,
1037 1699 1094 1760 sed
1118 1700 1203 1775 apud
1226 1699 1407 1760 Locrenses
1430 1698 1616 1759 remansisse

405 1809 515 1888 illum,
540 1812 608 1889 qui,
634 1828 711 1873 cum
734 1813 839 1876 altero
863 1818 1087 1893 comparatus,
1111 1814 1241 1876 minora
1259 1813 1300 1876 ob
1319 1814 1407 1875 iacta
1418 1814 1575 1874 minorem
1585 1811 1616 1871 ob

403 1924 558 2002 gloriam,
602 1929 715 2002 utpote
756 1927 845 1989 intra
885 1944 1007 2005 parrae
1040 1929 1185 2004 regionis
1218 1927 1301 1989 flnes
1335 1927 1528 2001 coercitam,
1560 1926 1617 2000 ipso

403 2055 531 2114 quoque
554 2040 663 2101 minor
684 2041 870 2104 haberetur.

450 2154 538 2231 Quae
568 2156 608 2216 de
639 2156 811 2217 daemonis
841 2156 932 2217 cultu
963 2157 1049 2232 apud
1078 2160 1230 2232 posteros
1257 2158 1453 2233 supererant
1475 2153 1615 2228 vestigia,

405 2268 526 2330 indicia
560 2284 687 2343 quoque
721 2270 891 2331 nascentis
926 2271 999 2332 eius
1031 2270 1201 2347 dualismi,
1235 2270 1497 2364 conquisivimus
1526 2281 1615 2340 neque
1710 2275 1711 2318 l

405 2383 600 2445 reticuimus
624 2385 811 2459 opinionem
836 2387 986 2446 nostram
1010 2385 1173 2447 Teucrum
1192 2399 1320 2459 quoque
1337 2385 1474 2445 tertiam
1495 2381 1617 2457 figuram

405 2512 448 2556 ex
481 2498 582 2559 Aiace
616 2498 773 2573 primario
804 2514 878 2560 esse
909 2502 1020 2560 ortum
1045 2502 1078 2560 et
1100 2500 1172 2574 ipsa
1195 2498 1328 2573 quidem
1349 2497 1383 2557 in
1407 2496 1553 2571 Locride,
1574 2492 1618 2553 ubi

403 2611 706 2686 iuxtaponebantur
728 2612 825 2674 heros
849 2613 1036 2674 arcitenens
1058 2617 1092 2674 et
1115 2613 1212 2673 beros
1235 2612 1384 2672 hestiier.
1408 2611 1500 2671 Haec
1521 2610 1615 2670 autem

405 2725 572 2786 sententia
594 2728 632 2785 ut
654 2726 858 2802 probaretur,
884 2727 924 2788 de
942 2727 1077 2788 nomine
1096 2727 1212 2788 Teucri
1230 2742 1288 2802 per
1306 2725 1454 2800 Europae
1473 2724 1617 2795 Asiaeque
1711 2713 1712 2728 ¹

406 2839 557 2914 regiones
587 2839 736 2915 disperso
766 2840 997 2901 disserendum
1027 2843 1109 2902 erat.
1140 2840 1264 2903 Deinde
1287 2840 1520 2914 indagavimus
1541 2835 1616 2897 Tela·

406 2953 515 3013 monis
535 2968 650 3014 veram
670 2956 826 3015 naturam
846 2956 945 3028 atque
962 2955 1121 3030 patriam,
1142 2954 1414 3030 impugnavimus
1433 2951 1615 3014 sententiam

405 3081 536 3142 eorum,
579 3068 636 3141 qui
670 3083 688 3129 e
722 3069 810 3129 scuti
844 3069 953 3130 balteo
986 3070 1075 3130 hunc
1109 3070 1244 3130 heroem
1279 3068 1474 3144 provenisse
1507 3081 1561 3142 pro
1589 3077 1616 3123 re

406 3180 563 3242 haberent
586 3182 772 3259 explorata,
797 3184 1005 3258 argumentis
1031 3183 1118 3244 haud
1142 3183 1303 3244 debilibus
1327 3197 1365 3243 eo
1388 3181 1480 3242 ducti
1501 3192 1615 3249 sumus,
1712 3211 1713 3214 =

405 3297 443 3355 ut
483 3297 711 3357 statueremus
751 3296 840 3357 huno
873 3297 1102 3373 Telamonem,
1138 3297 1234 3371 quasi
1268 3296 1411 3357 alterum
1447 3294 1615 3364 Atlantem,

404 3423 530 3469 numen
553 3409 656 3470 fuisse
680 3410 849 3470 marinum
873 3411 962 3471 circa
985 3410 1189 3472 Salaminem
1213 3410 1351 3472 cultum.
1392 3481 1396 3486 ¹

451 3522 535 3583 Turn
567 3538 645 3584 vero
675 3523 716 3584 de
746 3540 849 3601 nexu,
881 3540 945 3598 quo
976 3524 1100 3586 luerint
1130 3524 1294 3586 coniuncti
1317 3524 1404 3584 Aiax
1427 3526 1462 3583 et
1484 3521 1615 3591 Telamo,

406 3639 550 3715 egimus,
574 3654 639 3712 qua
658 3639 829 3700 occasione
849 3641 887 3700 nt
905 3639 944 3700 de
964 3639 1128 3700 adiectivo
1147 3638 1339 3700 Telamonio
1358 3636 1508 3699 nonnihil
1527 3635 1617 3695 obser·

406 3768 563 3814 varemus
593 3769 730 3814 necesse
760 3753 833 3814 iuit.
865 3753 1013 3827 Denique
1044 3754 1083 3814 de
1115 3753 1204 3815 Oileo
1235 3767 1374 3828 quoque,
1404 3753 1444 3813 de
1470 3750 1616 3824 virginum

405 3866 604 3928 locrensium
639 3866 799 3929 sacrificio
833 3870 926 3944 noi0,
962 3869 1002 3928 de
1036 3869 1138 3928 variis
1172 3867 1396 3943 Lycophronis
1430 3866 1618 3935 Taetzaeque

405 3981 501 4058 loeis,
523 3982 562 4042 de
582 3982 749 4043 Minervae
768 3982 967 4059 inimicitiis,
989 3983 1027 4042 de
1047 3982 1196 4058 pluribus
1216 3982 1289 4042 aliis
1301 3983 1374 4042 erat
1385 3978 1616 4056 disputandum,

406 4098 443 4156 ut
474 4096 598 4159 crimen
629 4094 777 4156 levitatis
808 4095 992 4156 vitaremus
1022 4110 1222 4169 causamque
1244 4071 1393 4155 nostram
1417 4089 1616 4154 fundamento

406 4209 654 4284 quammaxime
678 4207 773 4269 firmo
796 4209 1000 4272 fulciremus.
1025 4210 1118 4286 Quae
1140 4209 1252 4271 omnia
1275 4210 1439 4284 quatenus
1462 4201 1616 4268 normale

406 4325 501 4385 nobis
536 4325 710 4401 cesserint,
743 4322 890 4386 iudicent
920 4325 1038 4402 critici,
1071 4325 1189 4398 quibus
1211 4324 1333 4385 adsunt
1356 4323 1421 4383 tria
1449 4321 1519 4396 illa,
1548 4329 1616 4391 quae

406 4438 513 4513 poscit
535 4439 705 4500 Socrates:
730 4436 892 4516 ἐπιστήμη,
914 4437 1082 4518 παρρησία,
1105 4436 1226 4499 advorsi
