3525 5692
547 735 586 780 ou
609 734 827 779 nuaauuours
850 732 1046 778 renneours.
1342 710 1405 768 201

183 908 351 982 Triphylia
376 912 411 967 et
432 908 574 968 Arcadia
597 907 764 980 vulgatas;
789 905 961 967 coniunxit
985 919 1061 964 vero
1084 902 1279 977 argumenta
1302 899 1411 972 Stym-

184 1022 295 1096 pbalia
317 1027 351 1083 et
372 1022 560 1096 Triphylica
582 1022 779 1096 praesertim
802 1021 885 1080 duce
908 1035 989 1080 usus
1013 1019 1168 1079 Homero.

228 1135 317 1210 Quae
349 1136 530 1210 disputatio
563 1135 725 1195 maiorem
759 1135 862 1194 etiam
892 1133 1159 1209 probabilitatem
1190 1127 1352 1190 obtinebit
1382 1126 1411 1186 si

185 1250 266 1309 haec
299 1264 404 1324 pauca
437 1249 650 1308 subiunxero.
686 1241 830 1309 Dissidio
864 1250 937 1308 orto
971 1248 1057 1306 inter
1086 1245 1189 1306 Deras
1220 1245 1253 1303 et
1284 1241 1411 1314 Minyas

184 1362 325 1423 Theram
356 1363 500 1422 insulam
529 1362 726 1436 incolentes,
759 1361 791 1421 hi
822 1360 1039 1422 cretensibus
1066 1359 1178 1419 nautis
1200 1355 1337 1416 ducibus
1359 1352 1412 1412 usi

185 1477 272 1536 circa
305 1491 429 1536 annum
464 1477 531 1537 630
560 1490 590 1536 a.
621 1474 656 1536 O.
688 1490 720 1536 n.
751 1474 901 1549 cyrenen
932 1474 1157 1534 condiderunt.
1188 1469 1321 1530 Tertius
1351 1479 1411 1526 rex

185 1590 304 1650 Battus
326 1590 358 1649 ΙΙ
380 1590 569 1650 Eudaemon
597 1589 740 1650 Graecos
762 1589 933 1662 invitavit,
959 1592 996 1647 ut
1018 1589 1052 1647 in
1075 1587 1209 1660 regione
1231 1575 1412 1658 Cyrenaica

184 1704 406 1779 considerent,
442 1703 497 1763 ubi
531 1718 629 1778 agros
663 1718 700 1762 se
733 1703 775 1762 iis
810 1703 1060 1776 assignaturum
1096 1699 1285 1774 spopondit;
1318 1695 1412 1755 cuius

183 1815 330 1875 consiliis
364 1831 440 1876 cum
474 1816 644 1876 oraculum
679 1815 873 1889 Delphicum
910 1816 1008 1874 enixe
1036 1813 1176 1886 faveret,
1209 1825 1330 1884 magna
1361 1808 1413 1867 vis

184 1928 373 1989 colonorum
405 1943 423 1989 e
454 1929 695 2005 Peloponneso,
727 1928 837 2003 (treta,
870 1929 946 1988 aliis
972 1928 1105 2001 insulis,
1131 1924 1279 2000 Cyrenen
1303 1922 1410 1982 immi·

183 2043 303 2116 gravit.
335 2042 411 2102 Mox
441 2045 552 2103 ortum
582 2045 633 2104 est
659 2043 783 2104 bellum
808 2059 883 2105 eum
909 2045 1074 2118 Aegypto,
1095 2040 1253 2115 quoniam
1278 2037 1410 2109 Battus,

184 2159 221 2216 ut
252 2158 406 2217 omnibus
437 2159 619 2233 peregrinis
642 2157 867 2233 satisfaceret,
893 2157 1030 2231 Libyam
1055 2155 1231 2230 spoliabat;
1256 2152 1312 2210 sed
1336 2163 1410 2210 cum

184 2286 271 2331 anno
294 2273 360 2332 570
384 2274 537 2347 Aegyptii
556 2275 670 2334 essent
689 2271 866 2347 profligati,
890 2271 1014 2330 milites
1031 2268 1276 2329 tumultuantes
1294 2265 1409 2323 ducem

184 2399 283 2444 suum
307 2387 445 2446 Amasin
469 2402 581 2460 regem
605 2386 806 2446 salutarunt.
831 2385 892 2460 Qui
914 2384 1077 2458 quomodo
1101 2379 1276 2456 cyrenaeis
1295 2377 1412 2437 amicis

185 2513 266 2558 usus
288 2500 348 2574 sit,
371 2515 510 2560 uxorem
530 2499 747 2574 cyrenaicam
767 2499 922 2558 Ladicam
942 2497 1076 2557 nomine
1095 2494 1238 2562 duxerit,
1258 2507 1300 2552 ex
1312 2491 1410 2550 Hero·

184 2603 262 2672 (loto
284 2615 341 2687 (II,
368 2616 442 2682 181)
465 2618 582 2675 notum
607 2617 668 2674 est.

230 2727 457 2801 Regnantibus
492 2733 605 2789 autem
636 2729 732 2790 Batto
762 2729 794 2788 II
825 2729 961 2801 eiusque
989 2725 1057 2786 illio
1088 2724 1236 2785 Arcesila
1266 2723 1297 2782 II
1328 2721 1413 2780 vixit

185 2842 406 2918 tugammon,
438 2845 494 2916 qui
523 2847 686 2917 quantum
716 2843 858 2917 scimus,
887 2841 1064 2916 relegente
1086 2839 1234 2900 carmine
1257 2845 1295 2918 τῷ
1320 2832 1411 2915 ἐκικῷ

182 2957 282 3039 κύκλῳ
311 2955 412 3018 finem
443 2959 617 3033 imposuit;
642 2958 695 3018 hic
718 2957 808 3018 enim
832 2957 946 3031 cyclus
962 2954 1225 3017 continuabatur
1247 2952 1282 3011 in
1305 2949 1413 3010 Procli

179 3070 445 3141 chrestomathia
474 3068 558 3148 μεχρὶ
586 3078 638 3147 τῆς
669 3067 847 3148 ἀποβάσεως
873 3065 1041 3139 Ὀδυσσέως
1071 3077 1123 3145 τῆς
1154 3067 1195 3138 εἰς
1220 3061 1348 3142 Ἰθάκην
1380 3061 1411 3123 ἐν

182 3176 202 3265 ᾗ
226 3181 277 3240 καὶ
299 3181 360 3242 ὑπὸ
383 3181 492 3255 παιδὸς
517 3184 689 3264 Τηλεγόνου
713 3182 900 3263 ἀγνοοῦντος
923 3182 1066 3242 κτείνεται
1084 3178 1116 3253 ¹).

227 3297 468 3372 liugammonis
490 3314 574 3375 opus
593 3315 613 3359 a
632 3299 713 3359 viris
732 3299 838 3360 doctis
857 3314 933 3359 cum
954 3299 1144 3373 contemptu
1165 3293 1303 3356 tractari
1313 3292 1412 3367 solet,

184 3415 299 3487 utpote
330 3427 464 3472 carmen
495 3428 570 3473 sero
599 3416 732 3487 natum;
765 3413 818 3474 cui
846 3417 960 3473 tamen
991 3412 1178 3473 sententias
1209 3408 1415 3469 subscribere

185 3540 393 3600 nequaquam
426 3542 572 3600 possum.
604 3527 676 3587 Non
705 3528 790 3601 quod
822 3525 1028 3600 Cyrenaeum
1053 3528 1187 3601 poetam
1211 3539 1287 3584 eum
1311 3521 1416 3581 luisse

185 3639 331 3714 credam,
362 3640 418 3712 qui
450 3640 567 3700 merito
597 3642 683 3702 inter
713 3641 839 3715 priscos
869 3640 945 3701 illos
975 3643 1072 3700 vates
1095 3640 1203 3699 locum
1228 3651 1327 3696 suum
1351 3634 1415 3694 sibi

185 3752 351 3814 vindicare
382 3754 503 3828 possit;
535 3755 611 3828 quid
642 3756 732 3815 enim
762 3770 820 3830 pro
850 3754 1114 3828 fragmentorum
1146 3750 1257 3826 inopia
1279 3749 1319 3809 de
1343 3749 1414 3809 eius

185 3866 276 3940 poesi
307 3866 451 3927 iudicare
481 3867 584 3928 licet?
614 3867 726 3940 Neque
755 3869 840 3942 quod
871 3883 888 3927 e
915 3868 1028 3941 parvis
1051 3866 1157 3926 Procli
1180 3865 1311 3926 indiciis
1333 3865 1413 3924 ima·

186 3979 296 4053 ginem
320 3981 428 4054 operis
451 3980 491 4039 ab
515 3983 607 4041 omni
631 3985 724 4056 parte
747 3982 879 4042 rotundi
900 3997 938 4042 ac
956 3982 1037 4042 bene
1058 3980 1232 4056 compositi
1252 3978 1416 4054 pelluoere

187 4096 317 4167 putem;
338 4095 457 4175 immo,
477 4096 679 4155 contrarium
700 4095 874 4156 defendere
893 4095 1020 4156 malim.
1040 4094 1152 4168 Neque
1172 4095 1256 4168 quod
1269 4093 1415 4154 nesciam

185 4211 316 4284 poetam
359 4213 511 4270 nostrum
546 4209 681 4269 dimidio
715 4209 790 4285 plus
825 4210 929 4270 totius
963 4210 1123 4269 materiae
1158 4209 1199 4269 ab
1233 4209 1309 4268 aliis
1343 4223 1417 4267 esse

186 4326 391 4395 mutuatum,
423 4338 465 4383 ne
496 4323 631 4397 gravius
655 4324 732 4396 quid
756 4323 874 4382 (licam.
901 4323 962 4383 Sed
987 4322 1265 4396 quemadmodum
1288 4322 1322 4381 in
1345 4322 1416 4382 eius

184 4437 292 4511 patria
321 4433 373 4498 est
402 4440 512 4497 ortum
543 4438 715 4496 hominum
739 4437 877 4496 malum
900 4453 1018 4513 genus,
1045 4453 1120 4497 cum
1145 4437 1260 4497 Graeci
1283 4452 1318 4497 se
1342 4452 1414 4497 con-

183 4552 360 4626 iungerent
383 4566 459 4612 cnm
483 4550 603 4627 puellis
626 4551 772 4625 Libycis,
797 4566 881 4624 quae
981 4637 984 4643 Ι

220 4805 240 4865 ¹)
259 4810 332 4857 Phot.
351 4811 400 4857 289
417 4823 444 4868 p.
459 4810 508 4856 319
527 4808 607 4854 Beki.
