3525 5692
364 710 383 772 6
887 731 929 773 nn
953 728 1061 774 utnon.

362 900 472 975 poeta,
497 915 539 960 an
558 914 601 960 ex
620 896 694 961 eliis
713 902 824 976 potius
843 901 1033 962 auctoribus
1051 901 1153 977 petita
1172 904 1264 979 sunt,
1285 917 1369 976 quae
1388 904 1589 966 scholiastae

363 1010 594 1074 tradiderunt?
617 1014 769 1090 Exempli
793 1029 894 1075 eausa
917 1015 1060 1090 legimus
1084 1016 1170 1090 apud
1189 1014 1430 1079 Philostratum
1449 1017 1590 1088 (Heroio.

363 1123 424 1201 xl,
448 1127 495 1197 l):
519 1126 591 1203 „tdv
611 1125 665 1205 μέν
684 1149 717 1208 γε
736 1127 854 1188 Αἴαντα
873 1127 925 1188 καὶ
943 1128 1092 1208 τρόφιμον
1110 1137 1165 1189 τοῦ
1177 1124 1360 1208 Ἡρακλέους
1379 1125 1458 1191 εἶναι
1468 1129 1587 1207 ἔφασαν

364 1237 415 1299 καλ
438 1237 550 1322 βρέφος
574 1238 646 1302 ὄντα
670 1239 865 1319 ἐνειληθῆναι
889 1253 924 1327 τῇ
947 1247 1053 1327 λεοντῇ
1072 1252 1126 1304 τοῦ
1146 1242 1258 1323 ἥρωος,
1277 1243 1323 1304 ὅτε
1343 1243 1481 1323 ἀνασχὼν
1494 1243 1587 1304 αὐτὸν

364 1363 403 1436 τῷ
428 1350 479 1412 Ati
502 1352 656 1415 ἀνάλωτον
679 1354 742 1440 ᾔτει
765 1355 908 1435 γενέσθαι
932 1355 1007 1416 κατὰ
1030 1356 1085 1434 τὴν
1108 1355 1203 1437 δορὰν
1227 1365 1280 1418 τοῦ
1303 1356 1438 1437 λέοντος,
1456 1355 1540 1430 ἀετός
1559 1379 1588 1418 τε

363 1465 514 1553 εὐξαμένῳ
527 1466 651 1542 ἀφίκετο
664 1467 765 1546 φέρων
778 1467 810 1530 ἐκ
823 1468 936 1552 Διὸςτῷ
949 1467 1004 1548 μὲν
1016 1468 1103 1530 παιδὶ
1115 1468 1213 1548 ὄνομα
1225 1476 1290 1544 ταῖς
1303 1468 1336 1531 δὲ
1347 1469 1448 1550 εὔχοτς
1460 1475 1588 1549 νεῦμα”.

409 1581 569 1643 Hercules
599 1583 711 1661 igitur,
742 1599 805 1658 quo
836 1586 987 1660 tempore
1016 1587 1145 1660 patrem
1177 1584 1311 1646 Troiam
1335 1600 1449 1646 seeum
1472 1586 1591 1647 ducere

366 1693 480 1770 vellet,
505 1694 694 1756 Telamonis
717 1695 822 1757 illium
845 1698 914 1759 iam
937 1701 1051 1758 uatum
1070 1698 1155 1774 pelle
1177 1712 1239 1759 sua
1261 1698 1392 1760 leonina
1404 1699 1589 1760 involutum

364 1809 518 1870 menibus
534 1810 685 1887 sustulit,
699 1813 866 1887 precatus,
881 1813 918 1871 ut
929 1825 1013 1885 quae
1026 1812 1172 1887 eorporis
1183 1814 1296 1887 partes
1306 1811 1391 1888 pelle
1402 1815 1591 1888 tegerentur

364 1938 497 1997 semper
520 1939 540 1984 a
562 1925 747 1986 missilibus
769 1926 954 2000 ictibusque
977 1928 1071 1987 tutae
1092 1926 1210 1987 forent.
1235 1926 1325 1988 Tunc
1345 1925 1455 2001 aquila
1473 1925 1588 1986 stetim

364 2051 526 2113 apparens
553 2040 718 2114 portendit
741 2054 805 2100 non
829 2040 928 2100 modo
951 2039 1076 2100 laetum
1100 2042 1257 2100 eventum
1280 2040 1338 2101 sed
1361 2040 1480 2116 etiam,
1504 2039 1588 2128 quod

362 2153 470 2226 magis
493 2154 546 2213 est
568 2153 771 2230 mirandum,
795 2155 888 2229 pueri
911 2168 1044 2215 nomen.

409 2264 582 2328 coniuncti
612 2268 692 2328 sunt
722 2266 808 2342 apud
839 2269 1021 2340 utrumque
1051 2267 1234 2344 auctorem,
1250 2267 1437 2328 Pindarum
1463 2265 1534 2326 dieo
1557 2267 1591 2325 et
1686 2301 1688 2304 <

363 2379 602 2441 Philostratum
621 2382 731 2456 mythi
754 2380 832 2458 duo,
856 2382 914 2458 qui
936 2381 1031 2442 initio
1054 2381 1142 2442 haud
1164 2381 1262 2442 dubie
1280 2381 1415 2442 inerunt
1432 2379 1590 2452 seiuncti;

363 2496 491 2570 spectet
514 2494 598 2556 alter
621 2495 760 2571 mythus
783 2493 838 2572 τὴν
858 2491 1101 2573 ὀνοματοθεσίαν
1120 2494 1204 2556 alter
1222 2492 1278 2571 τὴν
1297 2491 1458 2572 deponito.
1477 2492 1589 2554 Obser-

365 2609 444 2668 vatu
474 2606 610 2683 dignum
641 2611 694 2670 est
724 2610 758 2670 in
788 2609 983 2670 Philostrati
1013 2607 1124 2669 verbis
1153 2607 1368 2684 adieetivum,
1392 2623 1456 2684 quo
1478 2606 1590 2667 Aiacis

364 2720 495 2800 ἀτρωσία
525 2721 639 2783 future
668 2724 880 2797 portenditur.
911 2723 1037 2799 Nempe
1059 2724 1212 2799 precatur
1236 2721 1407 2797 Hercules,
1432 2723 1469 2780 ut
1491 2719 1589 2780 heros

364 2835 422 2896 flat
446 2833 648 2907 ἀνάλωτος
672 2835 747 2895 κατὰ
771 2833 825 2912 τὴν
850 2835 946 2912 δορὰν
964 2844 1018 2895 τοῦ
1037 2833 1167 2906 λέοντος.
1187 2834 1377 2896 Revocatin
1389 2833 1587 2894 memoriam

364 2948 445 3010 illud
477 2951 678 3011 adiectivum
708 2951 868 3011 Herodoti
898 2951 1007 3012 locum
1033 2950 1149 3025 (184),
1175 2948 1231 3009 ubi
1253 2947 1353 3009 Meles
1376 2947 1503 3007 leonem
1527 2945 1590 3005 sibi

365 3077 383 3123 e
414 3063 517 3138 pelice
549 3066 665 3124 natum
697 3064 849 3124 Sardium
877 3065 1001 3124 circum
1025 3077 1136 3123 arcem
1159 3064 1270 3138 gestat
1293 3059 1425 3121 oraculo
1448 3059 1589 3133 quodam

365 3177 568 3255 admonitus,
589 3177 634 3236 ibi
652 3174 851 3237 ἀνάλωτον
870 3177 940 3237 fore
960 3191 1083 3250 arcem,
1105 3175 1160 3235 ubi
1180 3175 1231 3235 leo
1251 3175 1341 3234 esset
1358 3172 1589 3248 praeterlatus.

365 3290 412 3351 Ut
434 3292 487 3352 hie
510 3292 589 3352 urbs
612 3292 661 3352 sio
682 3292 750 3352 illie
772 3307 852 3368 puer
875 3300 910 3374 τῇ
930 3294 1036 3374 λεοντῇ
1059 3306 1079 3350 a
1102 3289 1257 3365 perieulis
1276 3287 1476 3362 detenditur;
1499 3299 1591 3346 voea-

366 3405 481 3465 bulum
516 3408 643 3482 autem,
679 3405 765 3478 quod
799 3405 866 3466 arei
901 3403 1146 3479 inexpugnabili
1177 3401 1272 3462 unioe
1302 3401 1471 3476 convenit,
1503 3398 1588 3475 apud

365 3517 606 3579 Philostratum
629 3519 662 3579 in
686 3534 824 3594 puerum
848 3521 901 3579 est
922 3517 1137 3578 translatum.

412 3631 504 3693 Mens
538 3633 638 3708 igitur
672 3634 787 3693 nostra
821 3633 860 3692 ed
895 3631 1100 3692 Herodotum
1131 3631 1274 3691 abducta
1300 3628 1402 3689 simul
1432 3626 1527 3688 nobis
1555 3627 1589 3686 in

366 3747 563 3808 memoriam
587 3747 679 3808 venit
701 3750 799 3822 poeta
822 3747 992 3822 antiquus,
1015 3745 1175 3807 Herodoti
1197 3745 1369 3819 cognatus,
1394 3742 1487 3802 ouius
1506 3741 1588 3814 trag·

365 3865 481 3924 mente
503 3878 606 3938 pauoe
629 3862 761 3936 quidem
786 3861 844 3924 sed
867 3861 1111 3922 venustissima
1132 3862 1278 3920 aetatem
1301 3858 1466 3918 tulerunt:
1484 3855 1589 3928 Pany-

367 3977 471 4037 assim
495 3976 662 4036 volumus.

411 4089 537 4151 Oeeinit
566 4089 620 4149 hio
650 4090 689 4150 de
719 4089 871 4150 Herculis
902 4088 1071 4149 laboribus
1099 4090 1133 4148 et
1163 4088 1343 4162 supersunt
1366 4085 1452 4145 torte
1476 4096 1593 4143 versus

366 4205 429 4264 duo
453 4203 493 4263 de
511 4203 617 4264 leonis
637 4203 774 4264 Nemaei
794 4203 939 4279 exuviis,
959 4217 1043 4276 quae
1062 4202 1153 4262 heroi
1172 4216 1231 4275 pro
1250 4199 1422 4274 tegumine
1440 4196 1591 4257 fuerunt:
1630 4270 1634 4274 ρ

612 4314 706 4396 δέρμα
730 4338 760 4377 τε
784 4315 912 4395 θήρειον
937 4316 1126 4395 Βεμβινήταο
1150 4312 1270 4385 λέοντος

367 4435 401 4494 et

612 4543 663 4606 καλ
684 4544 876 4624 Βεμβινήταο
899 4543 1036 4624 πελώρου
1060 4541 1154 4622 δέρμα
1176 4540 1304 4612 λέοντος.

411 4662 637 4725 Philostratus
666 4662 728 4739 ΙΙΙ,
760 4662 817 4735 qui
847 4661 986 4721 heroum
1018 4660 1231 4733 antiquorum
1256 4656 1384 4718 tultum
1408 4669 1529 4715 novem
1554 4652 1594 4712 ad

368 4777 473 4837 vitam
504 4791 659 4838 revocare
691 4776 837 4852 volebat,
869 4775 989 4851 priscis
1018 4789 1037 4836 e
1067 4773 1269 4837 carminibus
1292 4771 1394 4848 epiois
1416 4769 1519 4832 libelli
1542 4767 1594 4869 sui
