3525 5692
397 704 461 763 118
916 725 958 767 ns
980 723 1091 768 amca.

392 887 445 948 ιιιιὶ
465 894 609 950 καθεῖλεν
631 889 699 951 ἀντὶ
719 894 830 970 ταύτης
852 904 913 954 τῶν
935 895 1024 972 ἱερὸν
1045 893 1115 954 τινὰ
1137 895 1239 955 ὅπλον
1262 895 1305 956 ἔτι
1333 895 1367 956 lx
1395 905 1451 958 τοῦ
1485 900 1619 974 Τρωϊκοῦ
1740 965 1741 976 ¹

393 1000 483 1081 ἔργον
505 1003 659 1080 σωζόμενα
684 1007 827 1075 (Arrian.
850 1009 957 1069 Anab.
980 1009 1007 1084 I,
1035 1011 1086 1084 ll,
1112 1012 1154 1078 5).

438 1117 531 1179 Idem
556 1120 656 1180 refert
678 1121 878 1183 Plutarchus
901 1124 1009 1194 (Alex.
1036 1126 1105 1192 lbi:
1137 1119 1274 1200 ,ἀναβὰς
1298 1118 1328 1182 δ’
1353 1121 1396 1194 εἰς
1413 1118 1506 1182 Ἴλιον
1529 1121 1619 1182 ἔθυσε

393 1239 430 1312 τῇ
453 1235 567 1314 Ἀθηνᾷ
588 1231 641 1291 nul
662 1238 724 1305 τοῖς
746 1234 861 1311 ἥρωσιν
884 1232 1054 1296 ἔοιιειοεν”.
1177 1312 1186 1324 .

438 1344 567 1405 llortuo
600 1346 790 1407 Alexandro
823 1349 1043 1423 Lysimachus
1073 1364 1188 1410 curam
1221 1351 1370 1426 suscepit
1399 1350 1516 1410 Troiae
1540 1352 1619 1410 tem·

393 1456 550 1531 plumque
572 1459 742 1520 Minervae
764 1461 912 1522 condidit
928 1475 1179 1535 marmoreum
1210 1464 1383 1539 Augustus
1405 1467 1520 1524 antem
1542 1464 1621 1523 tem·

392 1569 486 1644 plum
508 1587 528 1632 a
550 1573 698 1634 Fimbria
719 1575 933 1636 devastatum
956 1577 1128 1652 pulchrius
1151 1578 1311 1638 restituit.

438 1683 584 1758 Denique
606 1687 735 1746 scholio
757 1689 799 1748 ad
822 1693 851 1746 Δ
872 1692 916 1750 46
939 1690 1096 1750 docemur
1118 1691 1219 1751 llium
1242 1689 1324 1767 ἱερόν
1346 1694 1504 1751 vocatum
1522 1691 1623 1750 fuisse

393 1796 497 1858 etiam
519 1805 638 1874 postea
658 1800 700 1861 ob
720 1801 883 1863 sacrificia
906 1819 964 1878 per
986 1806 1099 1865 omnia
1122 1803 1257 1865 saecula
1277 1803 1323 1864 ibi
1346 1803 1476 1864 numini
1499 1803 1622 1864 oblata:

396 1907 501 1987 ,Ἴλιος
523 1909 558 1971 δὲ
579 1921 638 1973 νῦν
660 1913 726 1992 ιἐρᾶ
748 1914 786 1974 οὐ
805 1915 904 1991 μόνον
924 1926 1153 1996 προσηγορικῶς
1174 1927 1212 2000 τῷ
1232 1927 1325 2000 κοινῷ
1345 1917 1496 2002 λόγῳιῶν
1508 1917 1622 1977 ιιόιεοον

392 2028 496 2102 (sici),
529 2024 604 2086 ἀλλὰ
634 2026 686 2087 οιαὶ
717 2027 770 2088 διὰ
798 2029 836 2089 τὰ
865 2027 1003 2090 ἐνταῦθα
1032 2029 1234 2109 &topadium
1256 2029 1396 2108 ἐνδελεχῆ
1418 2032 1557 2108 θύματα,
1578 2021 1621 2089 ὧν

392 2139 543 2216 &plurumi
564 2140 623 2200 οὖν
645 2139 747 2214 ἄλλοις
768 2141 821 2202 mi
843 2143 879 2202 τὰ
894 2139 1009 2218 Ἰλίεια,
1029 2143 1116 2224 ἑορτὴ
1136 2143 1277 2225 ἐγχώριος
1298 2142 1458 2222 ἐπώνυμος
1469 2155 1505 2228 τῇ
1513 2139 1621 2225 ’Πίῳ”.

436 2256 568 2317 Scilicet
602 2259 745 2319 missum
772 2260 916 2321 facimus
940 2264 1189 2335 argumentum,
1214 2276 1278 2333 quo
1301 2258 1484 2319 scholiasta
1506 2273 1620 2319 vocem

391 2368 473 2445 ἱερόν
496 2371 662 2446 explicare
685 2372 816 2445 studet;
839 2388 959 2432 sanam
983 2375 1073 2434 enim
1096 2375 1236 2434 invertit
1258 2373 1437 2447 rationem,
1461 2388 1538 2432 cum
1560 2371 1623 2432 Ho·
1741 2395 1742 2416 ι

392 2499 523 2544 merum
555 2488 641 2545 hanc
670 2486 711 2545 ob
742 2501 877 2546 oausam
903 2503 1018 2548 vocem
1042 2487 1233 2548 adhibuisse
1256 2485 1442 2562 perhibeat,
1466 2488 1621 2559 quoniam

392 2598 468 2671 post
489 2598 674 2659 Homerum
684 2599 731 2659 ibi
742 2598 996 2660 sacrificaretur.
1010 2601 1073 2661 Sed
1086 2600 1182 2661 iuxta
1201 2601 1284 2660 alios
1301 2605 1454 2659 auctores
1473 2599 1622 2658 laudatos

390 2710 572 2771 scholiasta
595 2711 769 2772 coufirmat
791 2712 953 2773 Troianae
972 2715 1053 2774 deae
1072 2714 1287 2773 sanctitatem
1309 2713 1622 2785 venerationemque

392 2825 464 2885 eius
497 2825 616 2900 templi
645 2841 703 2900 per
730 2827 844 2886 omnia
873 2827 1009 2886 saecula
1038 2827 1262 2888 observatam.
1294 2825 1390 2886 Certe
1420 2826 1513 2885 hisce
1542 2825 1622 2886 locis

391 2938 563 2998 litterariis
578 2953 644 2998 non
656 2939 866 3014 impedimur,
887 2941 979 3014 quin,
1000 2941 1087 3014 quod
1106 2955 1207 3014 supra
1226 2940 1485 3014 deelaravimus,
1499 2943 1622 3014 repeta-

391 3066 468 3112 mus
481 3052 626 3126 virgiues
644 3051 812 3113 locrenses
831 3054 898 3112 iam
919 3055 997 3113 ante
1008 3069 1132 3114 anuum
1147 3054 1212 3114 700
1235 3054 1270 3112 in
1282 3052 1445 3113 Troadem
1458 3054 1620 3113 essemis-

390 3179 456 3224 sas.
478 3165 562 3225 Nam
579 3165 693 3226 Locris
712 3181 839 3240 quoque
859 3167 1088 3242 Epizephyriis
1109 3167 1275 3242 virginum
1293 3164 1446 3226 sacrificii
1459 3165 1622 3226 memoria

390 3278 596 3339 servabatur.
616 3280 732 3340 Nonne
751 3280 906 3342 homines
924 3281 969 3340 ibi
988 3281 1209 3355 loquebantur
1227 3280 1267 3340 de
1282 3280 1438 3356 ,centum
1449 3280 1621 3357 familiis'’,

391 3405 408 3450 e
432 3391 551 3464 quibus
575 3393 722 3467 virgines
753 3393 984 3468 eligebantur?
1015 3394 1130 3454 Nonne
1157 3393 1314 3454 mulieres
1337 3393 1471 3466 virique,
1488 3393 1621 3454 hisces

391 3506 524 3564 centum
558 3506 711 3566 domibus
745 3522 787 3566 ex
822 3508 966 3583 Opuntia
995 3509 1030 3567 iu
1057 3507 1193 3568 Italiam
1216 3507 1448 3567 transierant?
1483 3506 1623 3568 Condita

390 3620 505 3678 autem
536 3619 614 3680 urbs
644 3623 698 3680 est
728 3621 847 3694 Magna
877 3621 911 3681 in
943 3621 1080 3681 Graecia
1110 3621 1240 3681 circiter
1265 3621 1330 3680 700
1354 3635 1383 3680 a.
1408 3619 1441 3681 0.
1467 3637 1499 3681 n.
1523 3621 1622 3681 Ritus

388 3731 490 3804 igitur
512 3735 547 3791 ιἰι
565 3735 676 3807 patrio
699 3737 818 3796 octavo
840 3736 910 3795 iam
934 3735 1067 3796 saeculo
1091 3734 1340 3810 observabatur,
1364 3735 1451 3808 quod
1475 3739 1509 3796 et
1528 3751 1622 3810 argu-

389 3848 541 3906 mentum
554 3863 595 3907 ex
609 3847 802 3922 Iliuperside
815 3852 915 3922 atque
928 3849 1009 3909 illud
1021 3864 1040 3909 e
1052 3849 1137 3909 cista
1148 3846 1281 3924 Cypseli
1293 3849 1436 3922 petitum
1448 3847 1622 3909 docebant.

391 3958 596 4019 Millonnium
632 3961 672 4021 de
706 3976 771 4034 quo
806 3961 952 4035 loquitur
985 3961 1142 4022 Timaeus
1173 3962 1261 4021 haud
1292 3961 1389 4021 dubie
1420 3961 1545 4035 plenior
1568 3964 1623 4020 est
1742 3947 1743 4032 ἶ

387 4086 562 4147 uumerus,
588 4075 673 4134 ritus
697 4077 811 4135 autem
834 4076 959 4135 saeculi
983 4076 1069 4136 forte
1093 4076 1204 4136 octavi
1227 4074 1322 4135 initio
1346 4075 1513 4148 antiquior
1537 4076 1597 4134 est.
1742 4045 1743 4066 Χ

434 4187 478 4246 At
509 4187 613 4248 obicis
643 4189 733 4248 viros
765 4189 805 4249 de
835 4189 929 4249 bonis
964 4188 1071 4249 literis
1105 4189 1230 4264 optime
1264 4188 1403 4248 meritos
1429 4187 1621 4248 Eduardum

388 4299 498 4374 Meyer
524 4303 558 4361 et
585 4301 717 4363 uticum
733 4303 838 4363 Bothe
857 4302 1043 4376 praefracte
1063 4316 1204 4376 negasse
1224 4300 1366 4361 Graecos
1387 4303 1464 4361 ante
1484 4300 1620 4361 initium

387 4413 512 4474 saeculi
535 4416 643 4475 octavi
667 4416 701 4475 in
724 4414 849 4476 Troade
873 4417 970 4476 sedes
994 4430 1184 4491 occupasse.

434 4527 522 4602 Soio,
541 4529 575 4587 at
595 4529 794 4604 protulimus
814 4533 1049 4603 argumentum
1074 4544 1138 4603 quo
1162 4530 1244 4590 haec
1267 4530 1435 4589 sententia
1454 4527 1623 4588 debilitari

389 4644 504 4717 possit.
536 4643 673 4703 Accedit
701 4643 786 4717 quod
816 4643 1024 4720 felicissime,
1056 4643 1186 4718 siquid
1213 4644 1379 4718 videmus,
1405 4643 1490 4703 hanc
1517 4642 1620 4718 opini-

389 4770 486 4815 onem
511 4757 585 4817 iam
616 4756 787 4831 impulerrt
815 4756 983 4817 Bruchner
1007 4757 1040 4827 (l.
1065 4758 1086 4818 l.
1113 4773 1143 4831 p.
1167 4759 1260 4830 heau
1293 4759 1327 4817 et
1349 4756 1435 4829 quod
1466 4755 1542 4832 plus
1570 4758 1624 4816 est
