3525 5692
361 692 403 751 46
884 705 925 752 or
948 707 1059 753 Arsen.

401 882 534 944 Dixeris
556 881 640 941 forte
664 880 792 942 cunctis
811 896 853 941 ex
876 880 1038 956 Olympiis
1057 882 1248 956 Neptunum
1268 880 1425 942 Aiaoibus
1442 878 1581 956 favisse,

357 996 445 1072 quia,
477 994 635 1068 quamdiu
657 994 787 1071 liceret,
811 995 905 1056 Aiaci
929 995 1113 1071 pepercerit
1135 1010 1197 1056 neo
1219 995 1284 1056 nisi
1307 995 1434 1055 invitus
1452 995 1583 1055 interie-

358 1110 449 1170 cerit.
470 1107 624 1183 Quinimo
643 1108 774 1169 exstitit
793 1108 957 1181 quaedam
977 1108 1103 1186 rabula,
1124 1123 1189 1182 qua
1205 1124 1272 1170 non
1284 1109 1437 1184 Neptuno
1449 1108 1506 1168 sed
1519 1108 1583 1183 ipsi

357 1224 523 1284 Minervae
542 1223 654 1285 Aiacis
673 1237 765 1283 mors
783 1221 1021 1300 imputabatur,
1042 1238 1121 1283 nam
1140 1222 1305 1298 Vergilius
1326 1222 1446 1284 cecinit
1465 1223 1545 1284 Aen.
1567 1223 1582 1280 Ι

358 1341 400 1399 42
425 1353 495 1412 sqq.
519 1337 559 1398 de
583 1337 747 1398 Minerva:

534 1451 607 1526 ipsa
625 1451 714 1511 Iovis
734 1450 888 1527 rapidum
911 1449 1055 1511 iaculata
1078 1465 1096 1510 e
1119 1449 1262 1511 nubibus
1284 1450 1411 1526 ignem,

474 1551 476 1556 ’
535 1566 729 1640 disiecitque
752 1553 856 1642 rates,
881 1566 1067 1640 evertitque
1091 1580 1233 1639 aequora
1258 1565 1384 1639 ventis;

535 1681 630 1743 iilum
655 1681 864 1757 expirantem
888 1678 1051 1741 transfixo
1073 1681 1206 1755 pectore
1229 1679 1385 1739 flammas

535 1795 667 1857 turbine
689 1795 848 1871 corripuit
872 1793 1071 1870 scopuloque
1093 1792 1204 1854 infixit
1226 1795 1334 1874 acuto.

399 1911 494 1972 Unde
517 1910 598 1970 baec
620 1909 764 1984 sumpsit
786 1908 976 1983 Vergilius?
999 1908 1090 1969 Idem
1114 1908 1283 1969 invenitur
1302 1908 1388 1983 apud
1407 1907 1578 1984 Hyginum

356 2026 431 2097 (fab.
459 2026 532 2095 116)
557 2025 591 2085 ο1
612 2025 645 2084 in
670 2038 810 2085 nummo
829 2023 973 2096 quodam
993 2024 1208 2099 epicnemidio
1228 2023 1314 2099 apud
1332 2023 1454 2085 Nolrbel
1474 2023 1524 2095 (1).
1543 2024 1582 2086 N.

355 2142 421 2202 vet.
447 2141 476 2200 2.
504 2133 590 2220 191).
615 2137 799 2199 Macrobius
823 2153 901 2199 vero
925 2137 1005 2208 (Sat.
1025 2137 1054 2195 V
1072 2133 1127 2219 22)
1146 2141 1302 2200 annotat:
1326 2153 1408 2215 ,nec
1429 2139 1491 2200 hoc
1509 2138 1583 2199 sine

355 2255 553 2317 auctoritate
572 2252 715 2313 Graecae
734 2253 915 2314 vetustatis
934 2253 1007 2313 est”
1026 2255 1224 2328 revocatque
1242 2253 1284 2313 ad
1296 2252 1460 2328 Euripidis
1472 2252 1580 2313 Troia·

355 2370 434 2430 dum
458 2368 607 2443 initium,
633 2365 688 2427 ubi
710 2365 854 2441 legimus
877 2367 991 2428 Iovem
1015 2365 1101 2428 filiae
1124 2381 1204 2428 suae
1227 2366 1375 2428 dedisse:

891 2488 953 2559 πῦρ
975 2480 1138 2561 κεραύνιον

534 2593 655 2674 βάλλειν
678 2593 814 2674 Ἀχαιοὺς
837 2603 915 2666 ναῦς
938 2615 968 2655 τε
991 2594 1161 2675 πιμπράναι
1186 2594 1262 2675 πυρί
1282 2600 1343 2666 (ve.
1367 2595 1410 2656 80
1433 2599 1504 2669 sip).

397 2712 524 2772 Plinius
543 2714 716 2790 praeterea
734 2715 902 2774 memorat
921 2711 1066 2789 (XXXV,
1088 2713 1119 2783 9)
1131 2712 1236 2774 luisse
1248 2712 1396 2788 picturae
1408 2725 1582 2786 argumen-

354 2828 444 2886 tum:
460 2827 616 2902 ,Aiaoem
628 2825 768 2887 fulmine
781 2826 979 2888 incensum‘'
992 2827 1033 2888 ab
1044 2827 1242 2902 Apollodoro
1253 2826 1451 2888 Atheniensi
1463 2800 1580 2886 iactae.

396 2939 527 3015 Quanto
557 2940 719 3001 acriorem
749 2941 980 3002 adversarium
1003 2940 1120 3001 habuit
1141 2940 1258 3002 Ulixes
1282 2941 1492 3019 Neptunum!
1518 2939 1582 3000 Sed

355 3054 417 3114 hac
450 3069 577 3129 quoque
611 3055 646 3115 in
677 3070 711 3115 re
742 3054 858 3117 Ulixes
889 3057 924 3115 et
945 3054 1031 3115 Aiax
1053 3055 1140 3115 inter
1163 3070 1199 3115 se
1222 3054 1392 3131 differunt,
1417 3054 1503 3128 quod
1524 3051 1581 3113 ille

253 3163 255 3167 ’
353 3169 547 3230 constanter
566 3168 732 3231 Minervae
752 3184 833 3230 usus
852 3170 903 3231 est
921 3168 1083 3246 amicitia,
1103 3169 1158 3229 hic
1181 3170 1295 3230 autem
1314 3183 1498 3242 numquam
1515 3182 1580 3228 non

351 3281 534 3346 Minervam
558 3283 599 3343 ad
622 3284 802 3358 perniciem
824 3299 922 3344 suam
946 3286 980 3345 et
1003 3284 1145 3346 dedecus
1164 3287 1317 3359 paratam
1336 3283 1400 3343 sibi
1418 3282 1556 3344 invenit.

397 3396 515 3457 Nullus
545 3400 661 3458 auctor
690 3396 798 3459 insius
828 3399 897 3474 egit
925 3399 966 3459 de
994 3399 1101 3460 Aiacis
1123 3398 1297 3473 naufragio
1320 3412 1420 3472 quam
1440 3397 1581 3472 Quintus

353 3511 570 3588 Smyrnaeus,
602 3511 658 3585 qui
681 3512 715 3572 in
738 3511 821 3573 libro
845 3505 940 3572 XIV⁰
963 3513 1074 3575 herois
1095 3513 1277 3589 depingens
1301 3513 1491 3589 superbiam
1514 3511 1580 3572 alia

354 3624 438 3685 dixit
461 3627 496 3685 et
517 3625 617 3687 haec:

531 3746 575 3817 φῆ
599 3736 647 3818 δέ,
668 3737 719 3800 καὶ
742 3738 770 3801 εἰ
790 3739 869 3819 μάλα
892 3740 1001 3812 πάντες
1020 3735 1179 3820 Ὀλύμπιοι
1201 3741 1243 3814 εἰς
1262 3740 1299 3801 ἳν
1323 3739 1446 3802 ἵκωνται

530 3851 676 3931 χωόμενοι
698 3851 750 3914 καὶ
773 3863 875 3914 πᾶσαν
898 3852 1086 3933 άνασιήσωσι
1110 3855 1279 3933 θάλασσαν,

530 3963 700 4047 ἐκφυγέειν·

351 4095 457 4153 neque
481 4081 643 4143 miramur
665 4082 856 4158 Neptunum
879 4082 1003 4145 auditis
1025 4083 1153 4146 verbis:
1177 4080 1248 4159 ,uel
1264 4090 1366 4143 πᾶσαν
1386 4080 1578 4162 ἀναστήσωσι

350 4192 533 4252 θάλασσαν’
562 4194 613 4257 ira
636 4195 817 4274 exarsisse,
842 4211 1045 4271 quamquam
1069 4199 1238 4272 hucusque
1262 4198 1354 4259 Aiaci
1376 4198 1578 4273 peculiarem

350 4307 539 4368 ostenderat
561 4308 721 4370 favorem.
744 4309 852 4370 Huius
876 4311 966 4372 enim
988 4311 1136 4372 numinis
1158 4311 1281 4373 auxilio
1300 4311 1387 4373 Aiax
1405 4314 1577 4373 servatum

350 4436 385 4482 se
415 4421 549 4483 sciebat.
579 4422 712 4500 Nonne,
745 4440 821 4486 cum
844 4427 897 4486 tot
927 4425 1017 4487 viros
1050 4441 1191 4500 aequore
1222 4427 1361 4487 haustos
1392 4428 1443 4487 tot
1472 4440 1578 4486 nares

350 4535 474 4597 circum
504 4552 540 4599 se
564 4537 650 4598 mari
673 4539 865 4600 submersas
889 4540 987 4600 heros
1011 4539 1159 4617 videbat,

574 4651 708 4734 Γυρῇσίν
732 4674 784 4729 μιν
807 4661 911 4732 πρῶια
935 4653 1115 4714 Ποσειδάων
1138 4651 1280 4714 ἐπέλασσε

573 4760 715 4847 πέτρῃσιν
739 4764 884 4850 μεγάλῃσι
906 4764 957 4827 καὶ
980 4764 1123 4840 ἐξεσάωσε
1145 4768 1328 4846 dulcicano?
