3525 5692
658 705 700 750 nn
722 706 863 752 omneis
1309 695 1370 754 177

147 873 300 948 Pythone
328 876 503 937 interiecto
532 876 676 937 'uambae
705 877 738 936 iu
771 875 868 938 Crete
897 878 938 938 ab
967 877 1167 940 Carmanore
1193 881 1373 942 lustratum

148 987 252 1049 fuisse
275 992 439 1051 memorat
461 990 645 1052 Pausanias
668 1023 724 1066 -,
749 990 914 1066 Apollinis
936 992 1101 1068 imprimis
1123 993 1282 1068 religione
1304 1010 1373 1070 pro·

148 1105 291 1177 pagatus
309 1104 344 1165 ln
363 1104 536 1178 malusque
553 1105 670 1166 auctus
689 1107 750 1165 est.
767 1105 820 1166 Sic
832 1105 865 1165 in
878 1104 1001 1167 carnea
1015 1121 1144 1180 quoque
1156 1111 1232 1183 post
1243 1108 1374 1169 Dorien·

149 1218 238 1278 sium
261 1219 404 1280 reditum
426 1235 501 1280 mos
519 1219 719 1295 insinuavit,
740 1219 796 1293 qui
814 1219 932 1279 deinde
948 1220 982 1280 in
1002 1220 1072 1281 dies
1091 1221 1200 1296 magis
1218 1222 1374 1299 invaluit,

149 1334 186 1392 nt
205 1331 367 1407 Apollinis
386 1333 470 1393 iram
490 1330 589 1393 Carni
607 1332 648 1392 ob
668 1334 811 1393 mortem
830 1333 1036 1408 conceptam,
1061 1347 1126 1406 qua
1149 1335 1247 1396 caede
1268 1351 1376 1397 omues

150 1448 335 1508 maculatos
353 1460 390 1506 se
408 1447 577 1521 putarent,
597 1446 697 1506 certis
714 1445 911 1518 quibusdam
932 1444 1103 1506 sacrificiis
1119 1450 1268 1509 avortere
1280 1464 1374 1509 cona·

149 1565 278 1633 rentur;
299 1574 404 1632 neque
422 1559 554 1633 iniuria,
574 1574 650 1619 cum
669 1558 832 1633 Apollinis
843 1559 893 1619 ira
906 1559 1175 1621 manifestaretur
1186 1563 1376 1636 pestilentia

150 1675 289 1734 aestiva.
313 1674 408 1734 Hanc
430 1674 471 1734 ob
494 1688 629 1734 oausam
653 1673 783 1748 legibus
805 1671 974 1733 sancitum
1000 1675 1053 1732 est
1075 1677 1111 1733 ut
1133 1677 1213 1734 totus
1235 1677 1376 1751 populus

149 1789 254 1849 sacris
275 1788 455 1849 interesset
475 1788 707 1861 exercitusque
737 1787 826 1847 intra
848 1785 931 1847 fines
953 1791 1120 1861 maneret;
1145 1791 1216 1848 tum
1241 1790 1376 1850 demum

149 1901 346 1976 Hippotam,
377 1899 539 1976 φαρμακόν
561 1900 675 1975 illum,
699 1899 753 1961 cui
776 1900 944 1960 cottannls
965 1897 1087 1960 finibus
1109 1901 1376 1978 interdicebatur,

149 2016 294 2075 omnium
317 2012 526 2074 Doriensium
549 2013 648 2087 culpa
667 2014 826 2073 onustum
845 2012 1029 2086 fugiturum
1050 2012 1234 2074 credebant.
1254 2015 1377 2090 Epulas

149 2144 242 2203 vero,
270 2127 388 2202 quibus
410 2126 596 2200 antiquitus
619 2127 798 2187 utebantur
819 2141 940 2200 οικκιι,
969 2127 1106 2188 umbrae
1129 2142 1211 2201 quas
1235 2130 1378 2191 maiores

149 2257 270 2316 ponere
305 2240 454 2301 solebant
484 2255 604 2315 οκικιι,
628 2254 694 2299 non
718 2240 752 2300 in
779 2239 1031 2300 desuetudinem
1056 2241 1186 2314 quidem
1212 2242 1377 2321 abierunt,

149 2354 205 2414 sed
229 2370 250 2415 a
273 2353 487 2416 Doriensibus
509 2356 557 2416 ita
579 2356 659 2415 sunt
681 2354 846 2429 minutae,
870 2355 908 2412 ut
931 2354 1052 2413 noveni
1075 2355 1173 2415 modo
1197 2371 1214 2415 e
1237 2349 1379 2431 singulis

150 2467 261 2541 phylis
295 2467 433 2529 iuvenes
465 2466 616 2544 (μειράκια
647 2467 788 2527 andiunt
818 2466 905 2541 apud
936 2466 1092 2541 Hesych.)
1116 2469 1289 2542 antiquum
1315 2485 1380 2530 ser·

152 2585 265 2640 varent
289 2596 432 2656 morem,
464 2598 571 2657 neque
594 2582 709 2643 dubito
732 2581 810 2654 quin
834 2579 992 2653 quidquid
1017 2581 1162 2642 militare
1186 2583 1218 2642 in
1246 2599 1380 2644 consue·

151 2693 283 2754 tudines
306 2695 430 2756 festum
454 2696 624 2770 agentium
647 2695 832 2770 irrepserit,
858 2693 1075 2754 Doriensibus
1094 2695 1140 2754 sit
1157 2695 1380 2758 tribuendum.

153 2804 279 2868 ceteris
300 2808 443 2869 fortasse
466 2808 582 2884 epulae
605 2822 802 2869 communes
824 2807 1036 2883 parabantur.

195 2919 257 2980 Sed
293 2921 463 2982 Musarum
497 2937 626 2995 qnoque
661 2924 831 2982 certamen
863 2936 939 2982 cum
971 2920 1108 2981 carneis
1137 2922 1381 2982 coniunxerunt

31 3052 32 3113 ρ
152 3031 341 3111 Dorienses,
364 3035 404 3096 de
427 3037 547 3110 qulbus
570 3035 689 3095 merito
713 3035 832 3095 cecinit
855 3034 1013 3095 Alcman:

328 3143 411 3221 ἕρπει
434 3146 491 3228 γὰρ
514 3145 589 3207 ἄντα
613 3157 652 3229 τῷ
675 3146 791 3231 σιδάρῳ
814 3145 847 3207 τὸ
870 3151 968 3219 καλῶς
992 3147 1193 3226 κιθαρίσδειν.

154 3257 299 3321 Tradidit
318 3262 407 3323 enim
428 3263 618 3322 Athenaeus
642 3257 686 3331 ¹):
717 3258 773 3336 ,rit
799 3259 934 3339 Κάρνεια
957 3269 1073 3339 πρῶτος
1097 3260 1219 3322 πάντων
1245 3265 1382 3340 Τερκαν·

31 3366 32 3461 ᾗ
155 3371 223 3449 δρος
253 3385 335 3458 νικᾷ,
364 3371 405 3445 ὡς
429 3369 606 3444 Ἑλλάνικος
636 3373 753 3449 ἱστορεῖ
778 3371 811 3432 ἔν
834 3394 864 3433 τε
887 3378 948 3445 τοῖς
972 3371 1126 3451 ἐμμέτροις
1153 3376 1383 3453 Καρνειονίκαις

153 3484 202 3546 καὶ
220 3484 254 3546 ἐν
272 3492 335 3560 τοῖς
353 3487 599 3566 καταλογάδην”.
624 3489 810 3549 Secundum
824 3489 1005 3549 Eusebium
1020 3483 1042 3560 ²)
1063 3486 1078 3548 δ
1098 3489 1282 3574 κιθαρῳδῶν
1302 3489 1384 3571 ἀγών

31 3608 32 3617 ’
153 3616 239 3661 anno
273 3602 410 3662 demum
433 3603 499 3662 676
523 3617 553 3662 a.
578 3601 611 3662 0.
644 3617 675 3662 n.
700 3603 752 3661 est
781 3601 977 3676 institutus;
1010 3602 1098 3662 baud
1129 3603 1226 3663 dubie
1251 3607 1385 3666 stante

31 3786 32 3789 Ἴ
153 3714 342 3774 huiusmodi
377 3715 512 3775 fuerunt
546 3715 747 3789 certamina,
782 3714 840 3774 sed
875 3715 972 3775 oredo
1003 3715 1182 3776 Eusebium
1216 3717 1394 3800 rettulisse¹

151 3826 246 3887 illum
268 3841 410 3902 annum,
435 3842 499 3900 quo
524 3827 630 3887 victor
651 3827 762 3886 evasit
780 3827 981 3901 Terpander.

31 3924 32 3939 ¹
195 3940 393 3999 Primarium
426 3941 539 4000 autem
570 3939 680 4000 locum
710 3942 798 3999 inter
833 3940 983 3999 carmina
1018 3940 1195 4014 solemnia,
1227 3959 1311 4017 quae
1342 3945 1388 4005 ibi

31 4086 32 4089 =
153 4052 370 4114 audiebantur
393 4067 574 4127 occupasse
598 4052 728 4113 videtur
751 4051 898 4127 elogium
921 4052 1101 4114 Alcestidis
1125 4057 1250 4115 amoris
1269 4057 1387 4117 Adme-

153 4165 243 4239 tique
266 4180 346 4239 erga
368 4165 555 4239 Apollinem
581 4165 828 4240 hospitalitatis.
852 4164 899 4224 De
923 4165 1104 4226 Alcestidis
1127 4169 1260 4240 quidem
1282 4170 1388 4245 elogio

153 4279 349 4339 constater
374 4277 537 4353 Euripidis
560 4278 714 4338 versibus
736 4293 839 4354 snpra
861 4277 983 4338 allatis.
1007 4279 1053 4338 De
1077 4281 1229 4357 Admeto,
1251 4284 1386 4343 ntidem

154 4406 365 4467 censeamus,
398 4391 450 4450 his
480 4405 656 4452 movemur
686 4391 905 4465 argumentis.
937 4390 1087 4452 Primum
1112 4394 1199 4453 inter
1222 4395 1388 4456 Praxillae

150 4503 296 4581 παροίνια
322 4504 494 4565 invenitur
517 4504 657 4564 scolium
682 4504 918 4565 notissimum:

183 4761 202 4820 ¹)
220 4761 279 4811 xiv
301 4763 389 4810 6852.
492 4759 514 4820 ²)
531 4762 629 4810 unroh.
647 4760 743 4808 chron.
761 4763 849 4809 1198.

211 4850 355 4895 vescatur.
