3525 5692
399 707 461 766 108
921 724 962 766 nn
985 721 1095 767 uraca.

395 892 517 966 aliquid
558 889 644 952 effici
685 893 800 967 possit.
843 892 948 967 Quare
990 893 1165 952 audiamus
1207 892 1386 967 epitomem
1422 891 1609 951 Vaticanum

395 1004 580 1079 ([Apollod].
604 1002 721 1078 Wagn.
745 1003 805 1080 VI,
833 1006 875 1064 20
899 1021 929 1079 p.
956 1006 1049 1075 aaa:

443 1115 579 1195 ,Λοκροὶ
609 1119 697 1191 (post
726 1117 859 1178 Troiam
891 1117 1035 1195 captam)
1067 1117 1150 1196 μόλις
1173 1117 1228 1196 τὴν
1251 1116 1367 1178 ἑαυτῶν
1389 1116 1616 1194 καταλαβόντες,

395 1230 458 1291 ἐπεὶ
489 1228 561 1307 μετὰ
589 1230 688 1308 τρίτον
712 1228 776 1301 ἔτος
799 1229 855 1306 τὴν
878 1231 1020 1309 Λοκρίδα
1043 1229 1163 1310 κατέσχε
1185 1231 1307 1310 φθορά,
1330 1228 1465 1309 δέχονται
1487 1227 1614 1308 χρησμόν

395 1343 591 1416 ἐξιλάσασθαι
612 1340 668 1420 τὴν
692 1341 724 1404 έν
742 1340 821 1430 Ἰλίῳ
845 1349 978 1423 Ἀθηνᾶν
1001 1343 1052 1406 καὶ
1076 1345 1133 1406 δόο
1153 1344 1329 1425 παρθένους
1347 1343 1475 1423 πέμπειν
1493 1343 1614 1415 ἱκέτιδας

395 1455 443 1518 έπλ
474 1436 552 1534 χίλια
575 1454 635 1533 ἔτη.
658 1454 709 1516 καλ
731 1456 916 1537 λαγχάνουσι
938 1467 1053 1538 πρῶται
1077 1458 1224 1538 Περίβοια
1246 1457 1297 1519 καλ
1321 1457 1510 1537 Κλεοπάτρα.
1533 1449 1615 1516 αδται

396 1567 429 1631 δὲ
452 1570 493 1642 είς
519 1569 632 1647 Τροίαν
655 1567 840 1648 ἀφικόμεναι
864 1571 1047 1649 διωκόμεναι
1069 1571 1151 1652 παρὰ
1174 1582 1233 1632 τῶν
1257 1571 1406 1652 ἐγχωρίων
1427 1571 1470 1643 είς
1489 1569 1522 1631 τό
1541 1569 1616 1644 ἱερὸν

396 1682 595 1762 κατέρχονται·
626 1681 677 1743 καί
702 1692 739 1766 τῇ
766 1680 821 1761 μέν
845 1688 905 1767 θεᾷ
929 1683 966 1745 οὐ
990 1685 1211 1764 προσήρχοντο,
1233 1683 1266 1744 τό
1291 1681 1324 1745 δέ
1345 1683 1427 1764 ίερδν
1449 1681 1570 1762 έσαιρόν
1590 1703 1616 1740 τε

396 1795 447 1855 καὶ
477 1777 626 1876 έρραινονί
657 1794 741 1868 έκτδς
764 1791 798 1855 δέ
819 1803 873 1856 τοῦ
893 1795 952 1858 νεδο
976 1795 1033 1858 οὐκ
1057 1794 1191 1880 έξῄισαυ,
1212 1794 1393 1874 κεκαρμέναι
1416 1791 1449 1856 δὲ
1471 1787 1550 1873 ἦσαν
1571 1792 1617 1852 καλ

396 1908 593 1988 μονοχίτωνες
611 1907 662 1968 καλ
674 1905 871 1986 ἀνυπόδετοι,
881 1918 940 1968 τῶν
953 1906 986 1970 δὲ
998 1909 1125 1988 πρώτων
1137 1907 1366 1971 ἀποθανουσῶν
1378 1907 1469 1982 ἄλλας
1481 1907 1617 1984 ἔπεμπον.

396 2021 534 2107 εἰσῄεσαν
563 2020 596 2083 δλ
619 2022 660 2094 είς
682 2020 738 2100 τὴν
760 2020 849 2082 πόλιν
873 2024 1002 2101 νύκτωρ,
1025 2023 1075 2082 ἵνα
1098 2021 1139 2101 μὴ
1162 2028 1305 2101 φανεῖσαι
1327 2032 1380 2084 τοῦ
1402 2019 1543 2100 τεμένους
1566 2019 1615 2092 ἔξω

336 2141 343 2152 ’
396 2142 583 2211 φονευθῶσι.
607 2134 759 2214 μετέπειτα
783 2132 815 2196 δέ
838 2133 938 2216 βρέφη
961 2136 1034 2215 μετὰ
1056 2147 1178 2215 τροφῶν
1201 2136 1345 2214 ἔπεμπον.
1367 2137 1469 2216 χιλίων
1493 2133 1526 2196 δὲ
1548 2132 1616 2195 έτῶν

396 2249 613 2327 παρελθόντων
633 2248 705 2326 μετόι
722 2248 773 2309 τόν
797 2248 938 2310 Φωκικόν
957 2250 1090 2328 πόλεμον
1110 2249 1238 2322 ἱκέτιδας
1258 2247 1430 2311 ἐπαύσαντο
1449 2247 1618 2327 πέμποντες.

443 2363 591 2425 Observa
615 2364 668 2424 bic
691 2361 892 2439 confirmari,
917 2373 1001 2438 quae
1025 2380 1125 2440 supra
1145 2379 1163 2426 e
1180 2365 1316 2425 Timaeo
1336 2364 1518 2428 effecimus.
1538 2363 1615 2424 Nam

402 2481 435 2537 et
465 2477 519 2537 bic
550 2477 580 2536 si
609 2476 844 2552 perpendimus
874 2476 976 2538 verba
998 2485 1057 2536 τοι
1082 2474 1115 2536 ei
1137 2478 1263 2556 πρώτων
1283 2475 1512 2537 ἀποθανουσῶν
1534 2475 1618 2547 ἄλλος

400 2589 543 2665 ἔπεμπον,
564 2605 630 2650 non
652 2604 832 2664 possumus
850 2589 928 2662 quin
949 2590 1203 2652 concludamus:
1224 2606 1289 2651 non
1309 2605 1506 2663 unoquoque
1526 2605 1616 2664 anno,

399 2705 457 2764 sed
472 2704 552 2764 tunc
563 2703 709 2778 demum,
722 2704 751 2762 si
762 2704 889 2778 priores
904 2704 1049 2778 virgines
1062 2707 1212 2765 mortuae
1224 2707 1351 2780 essent,
1365 2705 1448 2764 alias
1460 2718 1478 2763 e
1489 2705 1618 2764 Locride

402 2831 475 2876 esse
499 2817 635 2892 missas,
659 2829 765 2888 neque
788 2815 890 2890 igitur
914 2831 1058 2888 unquam
1082 2816 1193 2891 plures
1213 2833 1311 2890 quam
1331 2818 1425 2878 binas
1444 2817 1478 2878 iu
1498 2817 1619 2891 templo

402 2931 548 2992 affuisse.
579 2928 715 2989 Accedit
745 2929 830 3000 quod
862 2929 925 2989 bac
955 2944 1083 3002 quoque
1114 2931 1148 2989 in
1175 2945 1210 2990 re
1233 2931 1379 3007 epitoma
1402 2945 1477 2991 cum
1500 2930 1620 2990 'limaei

402 3044 510 3105 verbis
529 3041 723 3103 conveniat:
739 3043 933 3118 persecutos
945 3043 1075 3116 quidem
1089 3059 1164 3104 esse
1176 3045 1322 3118 virgines
1333 3045 1456 3104 missas
1469 3043 1622 3104 Troianos

400 3160 436 3216 at
465 3153 530 3215 non
560 3155 778 3218 interfecisse.
809 3154 1001 3216 Cavendum
1025 3159 1137 3217 autem
1161 3157 1265 3218 fuisse
1288 3157 1422 3233 puellis,
1448 3172 1490 3217 ne
1514 3155 1621 3216 ἄσυλον

401 3269 635 3344 relinquerent,
656 3268 820 3341 siquidem
840 3273 985 3330 mortem
998 3268 1180 3330 violentam
1193 3270 1337 3344 effugere
1350 3269 1485 3330 vellent.
1497 3271 1622 3330 Addun-

403 3385 456 3441 tur
490 3381 626 3440 nomina
660 3396 775 3441 earum
811 3397 894 3454 quae
925 3383 1051 3457 primae
1082 3383 1207 3443 missae
1236 3386 1328 3459 sunt,
1361 3398 1501 3456 quarum
1526 3384 1623 3443 altera

403 3493 561 3554 Periboea
583 3494 748 3570 appellata
772 3495 918 3568 videtur;
943 3495 1102 3555 nimirum
1125 3497 1245 3556 matris
1268 3497 1379 3557 Aiacis
1402 3496 1549 3556 nomine.

448 3607 484 3665 Id
518 3621 646 3680 quoque
681 3607 837 3666 audimus
871 3609 1005 3681 tempus
1039 3607 1157 3684 fuisse,
1193 3624 1257 3682 quo
1281 3609 1462 3669 Locrenses
1487 3608 1628 3669 infantes

403 3735 480 3780 curn
514 3720 699 3780 nutricibus
733 3720 919 3794 mitterent,
952 3735 1013 3780 nec
1046 3735 1112 3780 non
1141 3721 1330 3782 mirabundi
1362 3722 1519 3782 docemur
1548 3722 1629 3782 mori

402 3831 503 3892 finem
525 3832 629 3893 fuisse
652 3832 849 3906 impositum
868 3835 945 3907 post
962 3832 1085 3892 bellum
1105 3832 1302 3895 Phocaicum
1314 3823 1373 3904 (ὲ
1392 3835 1467 3904 350)
1487 3838 1627 3911 gestum.

404 3945 495 4020 Quod
535 3946 675 4005 minime
717 3945 868 4019 congruit
910 3960 985 4005 cum
1021 3944 1192 4006 Plutarchi
1228 3946 1338 4007 verbis
1371 3962 1470 4022 supra
1505 3948 1628 4008 allatis:

406 4060 464 4137 ,οὐ
488 4061 583 4132 πολὺς
606 4060 713 4139 χρόνος
736 4055 787 4136 ἀφ’
814 4053 851 4120 οὗ
871 4059 987 4139 Λοκροί
1008 4059 1174 4138 πέμποντες
1194 4062 1236 4134 είς
1253 4063 1368 4142 ’Τροίαν
1388 4060 1560 4121 πέπαυνται
1579 4059 1627 4131 τδς

403 4171 619 4252 παρθένονς”;
650 4189 756 4248 neque
780 4175 934 4235 convenit
956 4190 1031 4235 cum
1056 4175 1271 4251 inscriptione
1294 4175 1450 4236 Locrensi
1472 4189 1515 4234 ex
1537 4173 1628 4233 initio

404 4287 529 4347 saeculi
558 4288 649 4347 tertii
679 4303 709 4350 a.
734 4287 767 4348 O.
792 4303 839 4364 n.,
863 4288 898 4346 in
922 4301 987 4360 qua
1009 4289 1049 4347 de
1072 4287 1254 4362 virginibus
1277 4288 1451 4348 mittendis
1474 4289 1512 4346 ut
1533 4287 1573 4347 de
1595 4300 1627 4346 re

403 4401 486 4461 bene
521 4405 657 4461 servata
691 4401 895 4473 minimeque
926 4401 1086 4476 abrogata
1117 4416 1227 4461 sermo
1257 4400 1295 4461 iit
1324 4403 1417 4472 (Aac.
1442 4400 1522 4475 phil.
1552 4400 1627 4459 bist.

406 4514 458 4575 Κλ.
482 4514 590 4575 Wien.
614 4515 720 4575 Akad.
747 4516 830 4575 1897
856 4513 966 4577 XXVI
988 4530 1020 4589 p.
1046 4516 1089 4585 9).

450 4629 536 4690 Fieri
566 4632 677 4704 potest
708 4643 807 4689 usum
837 4628 943 4688 fuisse
973 4642 1031 4702 per
1061 4619 1193 4703 tempus
1224 4627 1354 4700 aliquod
1386 4616 1627 4696 intermissum,

406 4743 492 4816 quod
517 4743 699 4803 verisimile
722 4740 761 4802 fit
783 4742 909 4802 scholio
932 4741 972 4801 ad
996 4741 1156 4815 Lycophr.
1180 4740 1276 4802 Alex.
1303 4739 1389 4800 1159
1410 4738 1529 4800 allato:
