3525 5692
689 725 731 768 ne
753 725 864 770 ernon.
1349 709 1390 768 61

164 895 341 960 Thraciam
375 898 495 960 itinere
529 914 565 959 se
599 899 764 974 prohiberi
796 913 916 975 passae
946 899 1034 960 sunt.
1071 898 1227 958 Itrrorum
1258 912 1394 958 suorum

166 1013 308 1088 vestigia
338 1013 372 1073 iu
399 1016 537 1088 utraque
560 1013 662 1088 Aegei
686 1028 744 1074 ora
767 1013 981 1087 reliquerunt.
1007 1010 1120 1072 Coloni
1143 1011 1243 1086 Igitur
1266 1010 1394 1086 Graeci,

165 1125 222 1200 qui
252 1127 430 1200 posteriore
460 1129 569 1188 aetate
600 1128 634 1188 in
657 1127 774 1188 Asiam
797 1127 1019 1203 transierunt,
1045 1127 1089 1186 ihi
1112 1126 1199 1186 haud
1222 1124 1319 1186 dubie
1342 1141 1396 1186 no·

167 1240 260 1301 mina
294 1241 468 1303 hominum
504 1244 603 1316 atque
634 1242 783 1316 gentium
820 1242 884 1302 sihi
914 1255 956 1301 ex
987 1242 1060 1316 ipsa
1090 1241 1197 1316 patria
1219 1240 1395 1300 notissima

166 1357 392 1429 reppererunt.
426 1354 516 1429 Quod
552 1369 650 1415 nemo
685 1354 858 1415 clariorem
890 1354 1001 1428 posuit
1031 1354 1063 1413 in
1095 1352 1202 1414 lucem
1223 1368 1323 1428 quam
1348 1355 1398 1416 vir

164 1467 419 1544 sagacissimus,
452 1469 546 1530 cuius
569 1469 679 1529 studia
702 1469 848 1543 optimae
872 1468 979 1542 frugis
1003 1468 1069 1528 iam
1094 1468 1227 1543 saepius
1251 1468 1396 1528 laudavi·

167 1595 261 1641 mus:
286 1581 459 1655 Augustus
482 1580 572 1641 Fick.

213 1692 366 1754 Alterum
410 1694 583 1754 rideamus
626 1692 829 1768 exemplum.
873 1695 911 1754 In
946 1695 1170 1755 Aeneidarum
1207 1696 1399 1771 genealogia

172 1809 200 1866 Y
220 1808 285 1868 230
308 1809 470 1884 legimus:

349 1926 436 1998 Τρῶα
461 1916 487 1981 d’
511 1917 703 2000 Ἐριχθόνιος
725 1915 835 1982 ’τέκετο
862 1922 993 1998 Τρώεσσι
1018 1922 1165 1982 favento.

212 2035 447 2097 Erichthonius
480 2037 582 2110 lgltur
616 2035 670 2096 vel
703 2036 908 2097 Erechtheus
942 2033 1103 2115 ἀρχηγέτης
1138 2038 1258 2099 Atticae
1290 2037 1393 2099 illium

167 2150 282 2224 genult
320 2149 438 2211 licem.
475 2149 554 2224 Quis
584 2164 650 2209 non
682 2150 806 2225 cogitat
835 2150 874 2210 de
905 2150 1094 2211 nominibus
1117 2151 1227 2224 qualia
1250 2152 1393 2228 Aeneas,

167 2262 345 2338 Anchiseo,
370 2278 452 2338 quae
476 2263 509 2323 in
533 2263 675 2323 Arcadia
697 2262 782 2337 apud
807 2262 1050 2324 Orchomenum
1073 2264 1106 2323 in
1131 2264 1212 2326 colle
1237 2266 1397 2326 Anchisia

164 2376 341 2438 coniuncta
365 2378 571 2453 reperiuntur
593 2377 703 2446 (Paos.
728 2376 816 2452 VIII,
844 2378 895 2451 12,
909 2378 957 2450 8);
983 2377 1056 2451 quis
1080 2393 1145 2437 non
1169 2377 1208 2438 de
1232 2378 1394 2456 Dardano,

168 2490 262 2550 ouius
285 2504 407 2551 nomen
431 2491 513 2552 latet
537 2491 570 2551 in
595 2490 820 2565 Peloponneso
840 2488 928 2559 (ibid.
941 2489 1028 2564 VIII,
1047 2491 1099 2566 24,
1114 2491 1169 2562 ili?
1188 2491 1394 2568 caphyarum

168 2604 317 2665 conditor
339 2604 479 2666 habetur
500 2606 649 2678 Aeneas;
674 2605 806 2665 Aeneas
830 2606 968 2679 apparet
992 2604 1156 2678 Sicyoniis
1179 2606 1211 2665 in
1235 2608 1397 2681 nummis;

167 2719 321 2780 cohaeret
343 2733 465 2780 nomen
490 2734 566 2780 cum
587 2717 694 2800 Αἰνείᾳ
714 2717 934 2794 (Chalcidice),
960 2732 1035 2778 cum
1061 2717 1146 2801 Αἴνῳ
1170 2719 1334 2797 (Thracia,
1360 2721 1400 2782 ci.

166 2832 315 2894 Rhesum
350 2841 409 2892 rav
444 2831 575 2892 Αἰνειῶν
604 2831 745 2908 adipum
779 2832 820 2893 cf.
850 2832 1048 2906 Hipponact.
1078 2833 1117 2892 ir.
1147 2834 1212 2903 42).
1255 2833 1398 2896 Dardani

166 2962 305 3021 quorum
329 2949 424 3007 erant
447 2961 542 3022 reges
565 2945 740 3006 Aeneadae
763 2945 913 3020 illyricae
938 2946 1017 3007 sunt
1037 2945 1177 3020 originis
1188 2946 1316 3016 (Strabo
1327 2947 1399 3025 VII,

169 3061 250 3134 3it;
287 3060 426 3136 Appian.
459 3060 550 3134 illyr.
576 3075 603 3120 c.
630 3061 670 3129 2).
707 3059 839 3120 Satisne
873 3059 1063 3135 dispersum
1098 3060 1229 3122 Aeneae
1263 3076 1400 3138 nomen,

168 3189 226 3250 per
259 3175 537 3251 Peloponnesum,
572 3172 718 3234 mediam
749 3188 806 3247 per
834 3173 1022 3249 Graeciam,
1047 3189 1105 3248 per
1127 3174 1316 3253 Thraciam,
1341 3192 1398 3252 per

169 3287 353 3349 Troadem?
382 3289 487 3350 Filius
518 3304 647 3363 quoque
679 3287 843 3349 Ascanius
866 3289 1020 3363 pruvenIt
1043 3282 1102 3364 τῆλ’
1130 3286 1159 3360 ἐξ
1183 3290 1340 3367 Ἀσκανίης
1362 3293 1399 3361 (Β

168 3395 261 3478 863),
286 3403 318 3463 id
341 3406 394 3464 est
417 3418 434 3464 o
458 3402 616 3476 Bithynia
639 3400 759 3472 (Strah.
784 3400 848 3460 XII
872 3402 959 3470 565).

212 3515 380 3591 Quaenam
405 3531 505 3578 causa
524 3515 600 3592 fuit,
623 3514 782 3576 curialia
802 3514 939 3574 nomina
963 3515 1034 3574 tam
1054 3514 1123 3576 late
1141 3531 1207 3577 non
1227 3518 1325 3579 modo
1342 3534 1399 3593 per

168 3632 344 3704 utramque
379 3630 617 3704 continentem,
655 3628 712 3688 sed
749 3603 851 3688 etiarn
883 3640 941 3701 per
971 3626 1164 3704 ThracIam,
1196 3630 1283 3703 quod
1313 3632 1399 3692 inter

168 3745 330 3819 Europam
363 3747 397 3805 et
427 3744 543 3806 Asiam
575 3745 646 3803 erat
669 3743 795 3820 ζεῦγμα,
818 3743 933 3802 essent
951 3741 1123 3816 dIspersa?
1146 3742 1267 3816 Ecquid
1292 3743 1397 3805 coloni

167 3857 396 3932 Peloponnesii
419 3857 551 3918 Aeneae
575 3869 697 3916 nornen
720 3869 834 3917 secum
865 3855 900 3926 in
923 3854 1087 3915 Troadem
1110 3857 1376 3918 transtulerunt?

211 3970 413 4045 Reputemus
451 3984 588 4045 graecas
619 3968 765 4030 colonias
794 3968 829 4028 in
859 3968 1022 4029 Troadem
1060 3968 1219 4030 deductas
1256 3972 1398 4032 saeculis

166 4085 310 4159 septimo
341 4086 374 4145 et
405 4085 523 4145 octavo
555 4097 621 4143 non
652 4096 725 4142 esse
757 4081 975 4156 antiquiores,
1007 4081 1127 4142 harum
1158 4083 1260 4157 Igitur
1283 4085 1399 4147 heroes

166 4198 274 4258 serius
304 4199 338 4258 in
374 4198 488 4258 Asiam
520 4195 625 4256 fuisse
651 4195 870 4272 introductos,
904 4209 1004 4270 quam
1028 4195 1140 4269 quiin
1164 4197 1396 4272 epicislocum

166 4311 315 4374 invenire
339 4312 485 4385 possent.
511 4309 593 4385 Quid
618 4309 744 4384 igItur?
763 4309 983 4372 Faciemusne
1003 4322 1078 4369 cum
1099 4309 1229 4386 Bethio,
1253 4311 1307 4385 qui
1326 4326 1398 4386 pro·

167 4424 353 4485 nuntiavit:
377 4424 454 4499 ,Ins
473 4423 673 4484 liutterland
693 4430 830 4484 mussen
850 4423 912 4482 wir
924 4422 1398 4501 alsozurdckgehen‚dortdia

167 4537 333 4599 aolischen
346 4539 496 4598 stamme
520 4537 714 4615 aulsuchen,
730 4538 803 4598 dori
824 4537 908 4597 nach
920 4537 1013 4597 ihren
1027 4535 1153 4596 Helden
1165 4536 1319 4598 forechen
1331 4539 1398 4598 und

166 4652 278 4726 lragen
310 4651 350 4712 ob
382 4653 455 4712 dort
482 4649 651 4711 atelleicht
682 4651 766 4712 auch
794 4650 865 4710 ihre
890 4649 1025 4726 Teinde,
1048 4649 1100 4710 die
1123 4649 1223 4711 Truer
1250 4651 1315 4711 und
1339 4667 1398 4726 gar

165 4764 260 4838 Troja
288 4765 394 4825 selhst
414 4781 454 4825 au
475 4763 585 4827 finden
605 4764 745 4824 seien”?
765 4762 901 4830 (Homer
920 4762 987 4824 und
1004 4762 1056 4823 die
1068 4761 1278 4838 Heldensage
1290 4781 1320 4838 p.
1337 4767 1398 4835 12).
