3525 5692
691 754 732 798 nn
755 754 866 800 11131.
1348 737 1388 800 19

158 921 265 983 Η3133
287 924 357 998 3311
379 925 439 984 133
462 925 607 986 attisohe
631 927 812 988 Staatsfest
836 927 894 986 131
917 926 1042 986 Pandia
1065 925 1183 996 (oin.
1206 928 1237 986 H
1261 928 1386 1000 55113

151 1036 217 1120 'wir
250 1036 381 1098 konnen
416 1039 501 1099 auch
536 1040 652 1100 seinen
683 1040 961 1116 Ρ1133131,331113
991 1040 1108 1101 Statue
1139 1040 1276 1100 3111131
1298 1040 1388 1115 Burg

155 1150 223 1209 und
253 1150 313 1210 133
342 1150 525 1226 Hoiligtum
555 1153 589 1213 in
613 1153 689 1213 dem
712 1154 764 1214 die
787 1154 954 1214 attischen
978 1153 1271 1228 Phylengenossen
1293 1153 1387 1215 ihren

155 1263 345 1339 aponymos
375 1266 575 1327 verehrten”
602 1267 763 1344 (Toepffer
785 1267 939 1329 Attisohe
963 1267 1094 1328 Geneal.
1118 1283 1149 1343 p.
1177 1269 1240 1328 162
1262 1259 1387 1339 annm,

160 1376 242 1451 Quid
275 1378 401 1454 igitur?
435 1380 648 1456 Interpolatio
679 1382 782 1442 attica
811 1396 878 1441 non
909 1382 984 1442 est?
1014 1381 1087 1458 Est,
1112 1382 1171 1442 331
1193 1397 1277 1456 quae
1299 1359 1388 1444 aliud

157 1491 235 1564 quid
269 1493 441 1568 spectabat
474 1509 574 1567 quam
605 1494 860 1556 Atheniensium
891 1495 1042 1556 dedecus.
1074 1494 1237 1558 Observat
1268 1496 1387 1557 Pausa-

159 1605 232 1666 nias
262 1607 291 1682 I,
323 1608 381 1683 41,
415 1609 453 1668 6:
487 1605 593 1685 ,τιμὰς
624 1603 657 1667 ti
686 1604 738 1666 acl
769 1605 802 1667 ἐν
830 1617 866 1691 τῇ
888 1606 1079 1688 rodicauso&
1102 1606 1272 1688 Μεγαρέων
1295 1607 1386 1688 ἔχεθ’.

156 1719 391 1782 Honorabatur
423 1722 526 1796 igitur
559 1722 708 1783 Pandion
737 1723 778 1782 ab
808 1723 850 1782 113
881 1737 1010 1796 quoque
1040 1740 1058 1784 e
1088 1738 1228 1797 quorum
1251 1724 1385 1799 regione

157 1835 308 1896 Athenas
352 1838 501 1898 venerat.
548 1837 634 1897 Num
679 1837 764 1898 forte
809 1837 1027 1912 interpolator
1071 1838 1236 1899 lacessere
1281 1838 1389 1900 voluit

156 1948 390 2023 Megarenses?
419 1950 506 2011 Nam
535 1950 570 2010 in
601 1950 767 2025 Megaride
797 1947 872 2028 πρὸς
903 1949 1045 2034 θαλάσσῃ
1075 1950 1180 2029 μνῆμά
1203 1949 1283 2011 ἐστιν
1306 1953 1386 2013 Pan·

155 2062 262 2123 dionis
303 2059 336 2121 ἒν
378 2067 505 2142 Ἀθηνᾶς
539 2063 675 2136 Αἰθυίας
709 2061 888 2149 καλουμένῳ
926 2061 1069 2149 σκοπέλῳ.
1104 2065 1266 2127 Novimus
1299 2066 1385 2128 hanc

154 2176 338 2239 Minervam
372 2179 550 2256 marinam,
586 2179 640 2240 cni
675 2177 862 2240 Cassandra
896 2179 937 2239 ab
971 2179 1072 2240 Aiace
1103 2179 1240 2255 abrepta
1270 2195 1383 2255 preces

155 2306 235 2351 suas
258 2293 433 2370 submisit,

289 2456 292 2464 .
378 2404 474 2468 πολλὰ
497 2405 535 2484 δὴ
560 2407 711 2468 Βούδειαν
735 2407 875 2468 Αἴθυιαν
900 2406 1009 2488 Κόρην

289 2518 409 2600 ἀρωγὸν
431 2520 590 2594 αὐδάξασα
613 2521 766 2602 τάρροθον
790 2521 897 2602 γάμων
922 2523 1096 2598 (Lycophr.
1120 2522 1215 2584 Alex.
1240 2520 1335 2602 359);

155 2634 214 2694 331
226 2634 342 2696 eadem
361 2635 424 2695 luit
441 2637 596 2713 Aethyia,
618 2652 701 2710 quae
721 2636 897 2712 dissipavit
917 2637 1116 2698 Graecorum
1132 2637 1277 2719 classem
1290 2637 1384 2698 Aiaci
1481 2663 1487 2678 ·

155 2748 251 2810 11313.
282 2749 403 2809 Petivit
423 2749 534 2826 igitur,
560 2750 589 2810 si
613 2751 690 2824 quid
714 2751 881 2827 videmus,
907 2750 1125 2826 interpolator
1147 2751 1240 2812 iussu
1263 2751 1382 2811 Philai-

154 2861 271 2922 darum
295 2865 330 2922 et
352 2863 628 2937 Eurysacidarum
652 2864 754 2926 simul
777 2881 854 2926 cum
878 2864 1063 2939 Megarensi
1082 2865 1249 2926 Pandione
1268 2865 1382 2925 Miner·

156 2991 233 3036 vam
264 2978 454 3055 Aethyiam,
491 2980 584 3040 cuius
615 2980 742 3042 socium
771 2984 861 3051 (nam
886 2981 1032 3043 Pandion
1057 2981 1169 3041 stabat
1191 2978 1223 3040 ἐν
1246 2980 1382 3053 Αἰθυίας

153 3087 299 3176 σκοπέλῳ)
323 3092 440 3153 Teucri
461 3092 636 3172 θεράποντα
654 3094 788 3155 laceret.
808 3095 866 3171 At,
889 3096 918 3154 si
937 3095 1060 3156 atticus
1076 3095 1140 3155 luit
1152 3095 1380 3173 interpolator,

154 3220 263 3266 nonne
298 3207 413 3267 eodem
447 3207 528 3281 telo,
560 3223 625 3280 quo
648 3207 874 3283 Megarensem
898 3209 1031 3284 petebat
1054 3209 1151 3270 deam
1174 3211 1208 3269 et
1229 3209 1380 3287 heroem,

154 3333 233 3381 suos
262 3320 367 3396 ipsius
397 3321 495 3382 laesit
525 3321 630 3399 cives,
662 3323 832 3401 quoniam,
862 3324 1024 3398 utsupra
1047 3323 1207 3399 vidimus,
1233 3323 1379 3384 Pandion

153 3433 295 3496 Athenis
328 3449 457 3509 quoque
491 3451 613 3511 magno
647 3435 813 3512 gaudebat
834 3428 990 3497 honore?
1021 3436 1170 3514 Minime,
1202 3437 1381 3500 dummodo

152 3548 344 3609 statuamus
374 3563 507 3609 versum
541 3551 582 3608 M
605 3551 669 3611 372
701 3551 779 3610 ante
809 3547 1380 3613 0113113113331313111111111313111

151 3676 226 3722 3333
248 3661 389 3723 illatum.
411 3660 485 3740 Our,
506 3665 627 3738 rogas?
647 3663 743 3740 Quia,
764 3666 801 3724 ut
821 3662 970 3738 Toepffer
989 3663 1059 3723 iure
1079 3661 1287 3740 observavit,
1309 3667 1380 3728 tam

152 3775 299 3836 Pandion
322 3791 422 3849 quam
445 3777 577 3852 Aegeus
600 3778 693 3838 initio
717 3776 847 3838 nullum
870 3777 982 3837 locum
1006 3775 1040 3841 in
1064 3775 1241 3837 atticorum
1264 3792 1380 3853 regum

151 3890 236 3950 serie
259 3890 468 3966 obtinebant,
493 3891 552 3951 sod
575 3889 720 3952 filiorum
739 3905 854 3951 eorum
874 3905 976 3951 causa
996 3889 1177 3951 introducti
1195 3891 1294 3967 sunt.¹
1307 3893 1381 3968 ,Sic

153 4006 227 4066 sind
255 4007 325 4066 orst
347 4006 381 4065 in
404 4005 503 4080 Fulge
527 4006 584 4066 der
607 4005 812 4080 politischen
829 4005 1066 4066 Massnahmen
1089 4005 1147 4064 dos
1169 4003 1381 4068 Kleisthenes

152 4135 253 4194 enger
286 4119 350 4179 mit
383 4119 458 4188 dom
493 4119 707 4180 altattischon
742 4119 934 4195 Sagenstoff
964 4118 1217 4180 verschmolzon
1247 4120 1382 4181 worden

152 4234 218 4295 und
253 4234 382 4295 danken
414 4234 508 4296 ihren
538 4234 606 4294 Rur
634 4234 696 4295 don
728 4233 814 4295 nach
839 4233 941 4294 ihnen
970 4232 1160 4294 henannten
1184 4232 1379 4309 staatlichen

151 4348 413 4408 Institutionon”
444 4352 486 4423 (p.
521 4349 605 4419 162).
638 4348 699 4423 Qui
723 4347 823 4423 igitur
846 4350 924 4408 ante
948 4345 1155 4406 Clisthenem
1178 4345 1381 4408 Pandionem

149 4461 296 4539 petebat,
316 4461 455 4523 minimo
468 4461 654 4523 lacessebat
665 4461 903 4538 Athenienses,
916 4476 937 4521 a
948 4437 1066 4534 quibus
1080 4460 1260 4521 Pandionis
1272 4461 1381 4522 cultus

149 4575 233 4637 forte
246 4576 353 4637 adhuc
366 4578 439 4637 erat
446 4575 591 4636 alienus.
612 4576 780 4636 Philaidae
800 4578 914 4637 autem
933 4576 1002 4635 iam
1021 4575 1126 4651 prius,
1140 4575 1216 4634 ante
1229 4574 1379 4635 Pisistra·

150 4691 238 4766 111111,
258 4691 288 4750 si
308 4690 403 4750 audis
422 4690 509 4751 Plut.
530 4690 594 4751 Sol.
619 4692 673 4766 10,
695 4688 876 4772 κατῴκησαν
896 4686 929 4748 ἓν
950 4691 1109 4768 Βραυρῶνι
1126 4686 1177 4747 καὶ
1197 4686 1230 4748 ἒν
1251 4689 1376 4772 Μελίτῃ.

148 4803 236 4878 Quae
262 4819 358 4880 gene,
382 4804 524 4865 simulac
548 4803 727 4865 Clisthenis
751 4804 866 4864 diebus
891 4803 1070 4864 Pandionis
1092 4818 1215 4863 nomen
1238 4803 1379 4864 Athenis
