<?xml version="1.0" encoding="UTF-8"?>
<!DOCTYPE html PUBLIC "-//W3C//DTD XHTML 1.0 Transitional//EN"
    "http://www.w3.org/TR/xhtml1/DTD/xhtml1-transitional.dtd">
<html xmlns="http://www.w3.org/1999/xhtml" xml:lang="en" lang="en">
 <head>
  <title>
</title>
<meta http-equiv="Content-Type" content="text/html;charset=utf-8" />
  <meta name='ocr-system' content='tesseract 3.04.00' />
  <meta name='ocr-capabilities' content='ocr_page ocr_carea ocr_par ocr_line ocrx_word'/>
</head>
<body>
  <div class='ocr_page' id='page_1' title='image "./deajacisorigine00vgoog_0173.png"; bbox 0 0 3525 5692; ppageno 0'>
   <div class='ocr_carea' id='block_1_1' title="bbox 637 733 1356 793">
    <p class='ocr_par' dir='ltr' id='par_1_1' title="bbox 637 733 1356 793">
     <span class='ocr_line' id='line_1_1' title="bbox 637 733 1356 793; baseline 0.01 -9"><span class='ocrx_word' id='word_1_1' title='bbox 637 741 678 784; x_wconf 85' lang='lat' dir='ltr'>nn</span> <span class='ocrx_word' id='word_1_2' title='bbox 702 740 852 786; x_wconf 77' lang='grc'><strong>8111111118.</strong></span> <span class='ocrx_word' id='word_1_3' title='bbox 1294 733 1356 793; x_wconf 87' lang='grc'>163</span> 
     </span>
    </p>
   </div>
   <div class='ocr_carea' id='block_1_2' title="bbox 134 901 1358 1099">
    <p class='ocr_par' dir='ltr' id='par_1_2' title="bbox 134 901 1358 1099">
     <span class='ocr_line' id='line_1_2' title="bbox 135 901 1358 992; baseline 0.012 -29"><span class='ocrx_word' id='word_1_4' title='bbox 135 901 197 964; x_wconf 75' lang='lat' dir='ltr'>(ios</span> <span class='ocrx_word' id='word_1_5' title='bbox 226 907 459 976; x_wconf 73' lang='lat' dir='ltr'>(Paron-Hieta</span> <span class='ocrx_word' id='word_1_6' title='bbox 487 912 541 988; x_wconf 81' lang='grc'>68,</span> <span class='ocrx_word' id='word_1_7' title='bbox 577 913 638 988; x_wconf 92' lang='grc'><strong>10),</strong></span> <span class='ocrx_word' id='word_1_8' title='bbox 670 912 798 987; x_wconf 81' lang='lat' dir='ltr'>cyrene</span> <span class='ocrx_word' id='word_1_9' title='bbox 829 913 932 984; x_wconf 85' lang='lat' dir='ltr'>(Pind.</span> <span class='ocrx_word' id='word_1_10' title='bbox 963 914 1058 988; x_wconf 87' lang='lat' dir='ltr'>Pyth.</span> <span class='ocrx_word' id='word_1_11' title='bbox 1083 914 1121 990; x_wconf 89' lang='lat' dir='ltr'>V,</span> <span class='ocrx_word' id='word_1_12' title='bbox 1150 917 1213 992; x_wconf 81' lang='grc'><strong>15),</strong></span> <span class='ocrx_word' id='word_1_13' title='bbox 1245 916 1358 978; x_wconf 83' lang='grc' dir='ltr'>Γ11111111</span> 
     </span>
     <span class='ocr_line' id='line_1_3' title="bbox 134 1018 433 1099; baseline 0.03 -23"><span class='ocrx_word' id='word_1_14' title='bbox 134 1018 280 1087; x_wconf 77' lang='grc'><strong>(1118881.</strong></span> <span class='ocrx_word' id='word_1_15' title='bbox 304 1023 343 1099; x_wconf 88' lang='lat' dir='ltr'>V,</span> <span class='ocrx_word' id='word_1_16' title='bbox 368 1026 433 1095; x_wconf 77' lang='lat'><strong>83).</strong></span> 
     </span>
    </p>
   </div>
   <div class='ocr_carea' id='block_1_3' title="bbox 178 1133 1466 1222">
    <p class='ocr_par' dir='ltr' id='par_1_3' title="bbox 178 1133 1466 1222">
     <span class='ocr_line' id='line_1_4' title="bbox 178 1133 1466 1222; baseline 0.01 -28"><span class='ocrx_word' id='word_1_17' title='bbox 178 1133 294 1198; x_wconf 76' lang='grc'><strong>11811811</strong></span> <span class='ocrx_word' id='word_1_18' title='bbox 325 1135 466 1199; x_wconf 70' lang='lat' dir='ltr'>camec</span> <span class='ocrx_word' id='word_1_19' title='bbox 495 1143 795 1202; x_wconf 79' lang='lat' dir='ltr'><strong>commemoratur:</strong></span> <span class='ocrx_word' id='word_1_20' title='bbox 823 1138 1019 1216; x_wconf 79' lang='lat' dir='ltr'>Calymnae,</span> <span class='ocrx_word' id='word_1_21' title='bbox 1039 1141 1165 1219; x_wconf 85' lang='lat' dir='ltr'>Nisyri,</span> <span class='ocrx_word' id='word_1_22' title='bbox 1188 1143 1223 1202; x_wconf 95' lang='lat' dir='ltr'>in</span> <span class='ocrx_word' id='word_1_23' title='bbox 1246 1143 1357 1222; x_wconf 83' lang='lat' dir='ltr'>Grata,</span> <span class='ocrx_word' id='word_1_24' title='bbox 1463 1182 1466 1188; x_wconf 91' lang='lat'><em>-</em></span> 
     </span>
    </p>
   </div>
   <div class='ocr_carea' id='block_1_4' title="bbox 134 1246 1362 1781">
    <p class='ocr_par' dir='ltr' id='par_1_4' title="bbox 135 1246 1130 1330">
     <span class='ocr_line' id='line_1_5' title="bbox 135 1246 1130 1330; baseline 0.009 -24"><span class='ocrx_word' id='word_1_25' title='bbox 135 1246 247 1321; x_wconf 81' lang='grc'><strong>(18188,</strong></span> <span class='ocrx_word' id='word_1_26' title='bbox 271 1251 458 1328; x_wconf 76' lang='lat' dir='ltr'>Agrigenti,</span> <span class='ocrx_word' id='word_1_27' title='bbox 483 1253 671 1327; x_wconf 84' lang='lat' dir='ltr'>Syracusis,</span> <span class='ocrx_word' id='word_1_28' title='bbox 695 1254 921 1330; x_wconf 83' lang='lat' dir='ltr'>Tauromenii,</span> <span class='ocrx_word' id='word_1_29' title='bbox 947 1254 1080 1315; x_wconf 80' lang='lat' dir='ltr'>Tarenti</span> <span class='ocrx_word' id='word_1_30' title='bbox 1098 1250 1130 1323; x_wconf 90' lang='lat'>¹).</span> 
     </span>
    </p>

    <p class='ocr_par' dir='ltr' id='par_1_5' title="bbox 134 1360 1362 1781">
     <span class='ocr_line' id='line_1_6' title="bbox 178 1360 1360 1446; baseline 0.012 -26"><span class='ocrx_word' id='word_1_31' title='bbox 178 1360 281 1423; x_wconf 83' lang='lat' dir='ltr'>Docet</span> <span class='ocrx_word' id='word_1_32' title='bbox 310 1363 474 1426; x_wconf 78' lang='lat' dir='ltr'>Pindarus</span> <span class='ocrx_word' id='word_1_33' title='bbox 504 1365 550 1427; x_wconf 92' lang='grc'><strong>1.1.</strong></span> <span class='ocrx_word' id='word_1_34' title='bbox 582 1367 671 1427; x_wconf 87' lang='lat' dir='ltr'>hunc</span> <span class='ocrx_word' id='word_1_35' title='bbox 701 1367 830 1428; x_wconf 92' lang='lat' dir='ltr'>cultum</span> <span class='ocrx_word' id='word_1_36' title='bbox 861 1382 879 1427; x_wconf 91' lang='grc'>8</span> <span class='ocrx_word' id='word_1_37' title='bbox 910 1368 1073 1429; x_wconf 90' lang='lat' dir='ltr'>Laconica</span> <span class='ocrx_word' id='word_1_38' title='bbox 1095 1369 1237 1431; x_wconf 79' lang='lat' dir='ltr'>Theram</span> <span class='ocrx_word' id='word_1_39' title='bbox 1261 1375 1360 1446; x_wconf 85' lang='lat' dir='ltr'>atque</span> 
     </span>
     <span class='ocr_line' id='line_1_7' title="bbox 134 1474 1359 1558; baseline 0.01 -24"><span class='ocrx_word' id='word_1_40' title='bbox 134 1474 208 1536; x_wconf 92' lang='lat' dir='ltr'>inde</span> <span class='ocrx_word' id='word_1_41' title='bbox 231 1474 394 1551; x_wconf 79' lang='lat' dir='ltr'>cyrenem</span> <span class='ocrx_word' id='word_1_42' title='bbox 418 1494 492 1540; x_wconf 90' lang='lat' dir='ltr'>esse</span> <span class='ocrx_word' id='word_1_43' title='bbox 515 1480 733 1554; x_wconf 90' lang='lat' dir='ltr'>translatum;</span> <span class='ocrx_word' id='word_1_44' title='bbox 758 1481 872 1542; x_wconf 90' lang='lat' dir='ltr'>eadem</span> <span class='ocrx_word' id='word_1_45' title='bbox 895 1480 1037 1542; x_wconf 80' lang='lat' dir='ltr'>tortasse</span> <span class='ocrx_word' id='word_1_46' title='bbox 1057 1484 1112 1544; x_wconf 88' lang='lat' dir='ltr'>via</span> <span class='ocrx_word' id='word_1_47' title='bbox 1130 1484 1213 1545; x_wconf 88' lang='lat' dir='ltr'>alias</span> <span class='ocrx_word' id='word_1_48' title='bbox 1231 1500 1359 1558; x_wconf 83' lang='lat' dir='ltr'>quoque</span> 
     </span>
     <span class='ocr_line' id='line_1_8' title="bbox 134 1589 1359 1676; baseline 0.008 -27"><span class='ocrx_word' id='word_1_49' title='bbox 134 1590 167 1648; x_wconf 91' lang='lat' dir='ltr'>in</span> <span class='ocrx_word' id='word_1_50' title='bbox 191 1590 318 1651; x_wconf 89' lang='lat' dir='ltr'>insulas</span> <span class='ocrx_word' id='word_1_51' title='bbox 337 1593 488 1666; x_wconf 87' lang='lat' dir='ltr'>pervenit</span> <span class='ocrx_word' id='word_1_52' title='bbox 500 1589 535 1663; x_wconf 82' lang='lat'>²).</span> <span class='ocrx_word' id='word_1_53' title='bbox 554 1595 593 1653; x_wconf 90' lang='lat' dir='ltr'>ln</span> <span class='ocrx_word' id='word_1_54' title='bbox 609 1594 807 1655; x_wconf 80' lang='lat' dir='ltr'>Messeniam</span> <span class='ocrx_word' id='word_1_55' title='bbox 831 1610 907 1655; x_wconf 93' lang='lat' dir='ltr'>cum</span> <span class='ocrx_word' id='word_1_56' title='bbox 932 1596 1105 1671; x_wconf 80' lang='lat' dir='ltr'>Spartanis</span> <span class='ocrx_word' id='word_1_57' title='bbox 1124 1599 1312 1672; x_wconf 90' lang='lat' dir='ltr'>penetravit</span> <span class='ocrx_word' id='word_1_58' title='bbox 1326 1593 1359 1676; x_wconf 81' lang='lat'>³),</span> 
     </span>
     <span class='ocr_line' id='line_1_9' title="bbox 134 1702 1362 1781; baseline 0.01 -21"><span class='ocrx_word' id='word_1_59' title='bbox 134 1702 167 1761; x_wconf 96' lang='lat' dir='ltr'>in</span> <span class='ocrx_word' id='word_1_60' title='bbox 198 1703 329 1765; x_wconf 89' lang='lat' dir='ltr'>ltaliam</span> <span class='ocrx_word' id='word_1_61' title='bbox 365 1705 578 1781; x_wconf 82' lang='lat' dir='ltr'>Siciliamque</span> <span class='ocrx_word' id='word_1_62' title='bbox 601 1706 703 1768; x_wconf 90' lang='lat' dir='ltr'>simul</span> <span class='ocrx_word' id='word_1_63' title='bbox 725 1723 801 1768; x_wconf 93' lang='lat' dir='ltr'>cum</span> <span class='ocrx_word' id='word_1_64' title='bbox 826 1708 953 1770; x_wconf 87' lang='lat' dir='ltr'>colonis</span> <span class='ocrx_word' id='word_1_65' title='bbox 975 1708 1198 1771; x_wconf 88' lang='lat' dir='ltr'>Doriensibus.</span> <span class='ocrx_word' id='word_1_66' title='bbox 1223 1712 1362 1772; x_wconf 82' lang='lat' dir='ltr'>Restant</span> 
     </span>
    </p>
   </div>
   <div class='ocr_carea' id='block_1_5' title="bbox 28 1818 1359 1902">
    <p class='ocr_par' dir='ltr' id='par_1_6' title="bbox 28 1818 1359 1902">
     <span class='ocr_line' id='line_1_10' title="bbox 28 1818 1359 1902; baseline 0.007 -26"><span class='ocrx_word' id='word_1_67' title='bbox 28 1844 29 1847; x_wconf 36' lang='lat'>¹</span> <span class='ocrx_word' id='word_1_68' title='bbox 133 1818 235 1892; x_wconf 78' lang='lat' dir='ltr'>igitur</span> <span class='ocrx_word' id='word_1_69' title='bbox 253 1824 384 1893; x_wconf 89' lang='lat' dir='ltr'>praeter</span> <span class='ocrx_word' id='word_1_70' title='bbox 402 1820 555 1896; x_wconf 81' lang='lat' dir='ltr'>Spartam</span> <span class='ocrx_word' id='word_1_71' title='bbox 577 1827 610 1882; x_wconf 89' lang='lat' dir='ltr'>et</span> <span class='ocrx_word' id='word_1_72' title='bbox 634 1822 809 1897; x_wconf 87' lang='lat' dir='ltr'>Amyclas:</span> <span class='ocrx_word' id='word_1_73' title='bbox 834 1824 956 1898; x_wconf 85' lang='lat' dir='ltr'>Argoa,</span> <span class='ocrx_word' id='word_1_74' title='bbox 982 1823 1116 1900; x_wconf 85' lang='lat' dir='ltr'>Sicyon,</span> <span class='ocrx_word' id='word_1_75' title='bbox 1136 1823 1247 1901; x_wconf 77' lang='lat' dir='ltr'>Creta,</span> <span class='ocrx_word' id='word_1_76' title='bbox 1273 1827 1359 1902; x_wconf 92' lang='lat' dir='ltr'>oppi-</span> 
     </span>
    </p>
   </div>
   <div class='ocr_carea' id='block_1_6' title="bbox 134 1931 1018 2011">
    <p class='ocr_par' dir='ltr' id='par_1_7' title="bbox 134 1931 1018 2011">
     <span class='ocr_line' id='line_1_11' title="bbox 134 1931 1018 2011; baseline 0.006 -21"><span class='ocrx_word' id='word_1_77' title='bbox 134 1931 285 1993; x_wconf 91' lang='lat' dir='ltr'>dulorum</span> <span class='ocrx_word' id='word_1_78' title='bbox 309 1934 414 1994; x_wconf 89' lang='lat' dir='ltr'>series</span> <span class='ocrx_word' id='word_1_79' title='bbox 435 1935 572 2011; x_wconf 78' lang='lat' dir='ltr'>Taygeti</span> <span class='ocrx_word' id='word_1_80' title='bbox 597 1936 725 1996; x_wconf 90' lang='lat' dir='ltr'>montis</span> <span class='ocrx_word' id='word_1_81' title='bbox 748 1935 845 1998; x_wconf 93' lang='lat' dir='ltr'>litore</span> <span class='ocrx_word' id='word_1_82' title='bbox 870 1939 1018 2010; x_wconf 87' lang='lat' dir='ltr'>utroque.</span> 
     </span>
    </p>
   </div>
   <div class='ocr_carea' id='block_1_7' title="bbox 715 2495 774 2554">
    <p class='ocr_par' dir='ltr' id='par_1_8' title="bbox 715 2495 774 2554">
     <span class='ocr_line' id='line_1_12' title="bbox 715 2495 774 2554; baseline 0.017 -1"><span class='ocrx_word' id='word_1_83' title='bbox 715 2495 774 2554; x_wconf 93' lang='lat' dir='ltr'><strong>III.</strong></span> 
     </span>
    </p>
   </div>
   <div class='ocr_carea' id='block_1_8' title="bbox 134 2728 1364 3033">
    <p class='ocr_par' dir='ltr' id='par_1_9' title="bbox 134 2728 1364 3033">
     <span class='ocr_line' id='line_1_13' title="bbox 176 2728 1362 2805; baseline -0.001 -15"><span class='ocrx_word' id='word_1_84' title='bbox 176 2729 224 2790; x_wconf 90' lang='lat' dir='ltr'>De</span> <span class='ocrx_word' id='word_1_85' title='bbox 258 2729 377 2790; x_wconf 80' lang='lat' dir='ltr'>carnei</span> <span class='ocrx_word' id='word_1_86' title='bbox 406 2730 459 2790; x_wconf 91' lang='lat' dir='ltr'>dei</span> <span class='ocrx_word' id='word_1_87' title='bbox 489 2731 635 2790; x_wconf 86' lang='lat' dir='ltr'>nominis</span> <span class='ocrx_word' id='word_1_88' title='bbox 665 2728 907 2804; x_wconf 84' lang='lat' dir='ltr'>significatione</span> <span class='ocrx_word' id='word_1_89' title='bbox 936 2732 1015 2792; x_wconf 90' lang='lat' dir='ltr'>licet</span> <span class='ocrx_word' id='word_1_90' title='bbox 1044 2731 1155 2792; x_wconf 86' lang='lat' dir='ltr'>varias</span> <span class='ocrx_word' id='word_1_91' title='bbox 1185 2732 1218 2792; x_wconf 90' lang='lat' dir='ltr'>in</span> <span class='ocrx_word' id='word_1_92' title='bbox 1250 2733 1362 2805; x_wconf 87' lang='lat' dir='ltr'>partes</span> 
     </span>
     <span class='ocr_line' id='line_1_14' title="bbox 135 2841 1362 2919; baseline 0.002 -19"><span class='ocrx_word' id='word_1_93' title='bbox 135 2841 297 2918; x_wconf 88' lang='lat' dir='ltr'>disputari</span> <span class='ocrx_word' id='word_1_94' title='bbox 320 2844 444 2919; x_wconf 90' lang='lat' dir='ltr'>possit,</span> <span class='ocrx_word' id='word_1_95' title='bbox 468 2844 593 2904; x_wconf 80' lang='lat' dir='ltr'>festum</span> <span class='ocrx_word' id='word_1_96' title='bbox 617 2844 727 2918; x_wconf 92' lang='lat' dir='ltr'>ipsum</span> <span class='ocrx_word' id='word_1_97' title='bbox 751 2844 830 2918; x_wconf 89' lang='lat' dir='ltr'>quin</span> <span class='ocrx_word' id='word_1_98' title='bbox 854 2859 930 2905; x_wconf 89' lang='lat' dir='ltr'>cum</span> <span class='ocrx_word' id='word_1_99' title='bbox 961 2844 1073 2905; x_wconf 90' lang='lat' dir='ltr'>Lunae</span> <span class='ocrx_word' id='word_1_100' title='bbox 1097 2845 1188 2905; x_wconf 89' lang='lat' dir='ltr'>cultu</span> <span class='ocrx_word' id='word_1_101' title='bbox 1212 2845 1362 2905; x_wconf 90' lang='lat' dir='ltr'>coniunc-</span> 
     </span>
     <span class='ocr_line' id='line_1_15' title="bbox 134 2954 1364 3033; baseline 0.001 -16"><span class='ocrx_word' id='word_1_102' title='bbox 134 2963 206 3018; x_wconf 91' lang='lat' dir='ltr'>tum</span> <span class='ocrx_word' id='word_1_103' title='bbox 237 2958 337 3018; x_wconf 84' lang='lat' dir='ltr'>inerit</span> <span class='ocrx_word' id='word_1_104' title='bbox 368 2957 519 3018; x_wconf 85' lang='lat' dir='ltr'>dubitare</span> <span class='ocrx_word' id='word_1_105' title='bbox 548 2957 670 3032; x_wconf 90' lang='lat' dir='ltr'>poterit</span> <span class='ocrx_word' id='word_1_106' title='bbox 699 2972 810 3019; x_wconf 89' lang='lat' dir='ltr'>nemo.</span> <span class='ocrx_word' id='word_1_107' title='bbox 834 2958 951 3019; x_wconf 80' lang='lat' dir='ltr'>Totius</span> <span class='ocrx_word' id='word_1_108' title='bbox 974 2957 1063 3019; x_wconf 90' lang='lat' dir='ltr'>enim</span> <span class='ocrx_word' id='word_1_109' title='bbox 1087 2957 1165 3019; x_wconf 80' lang='lat' dir='ltr'>festi</span> <span class='ocrx_word' id='word_1_110' title='bbox 1187 2954 1267 3033; x_wconf 77' lang='grc' dir='ltr'>ἀκμή</span> <span class='ocrx_word' id='word_1_111' title='bbox 1292 2961 1364 3018; x_wconf 88' lang='lat' dir='ltr'>erat</span> 
     </span>
    </p>
   </div>
   <div class='ocr_carea' id='block_1_9' title="bbox 29 3067 1360 3148">
    <p class='ocr_par' dir='ltr' id='par_1_10' title="bbox 29 3067 1360 3148">
     <span class='ocr_line' id='line_1_16' title="bbox 29 3067 1360 3148; baseline -0.001 -19"><span class='ocrx_word' id='word_1_112' title='bbox 29 3094 30 3103; x_wconf 46' lang='lat'>¹</span> <span class='ocrx_word' id='word_1_113' title='bbox 135 3067 153 3147; x_wconf 79' lang='grc' dir='ltr'><strong>ἡ</strong></span> <span class='ocrx_word' id='word_1_114' title='bbox 182 3070 345 3148; x_wconf 57' lang='lat' dir='ltr'>norvegis,</span> <span class='ocrx_word' id='word_1_115' title='bbox 375 3086 440 3144; x_wconf 86' lang='lat' dir='ltr'>qua</span> <span class='ocrx_word' id='word_1_116' title='bbox 469 3073 545 3146; x_wconf 92' lang='lat' dir='ltr'>post</span> <span class='ocrx_word' id='word_1_117' title='bbox 574 3071 645 3131; x_wconf 95' lang='lat' dir='ltr'>dies</span> <span class='ocrx_word' id='word_1_118' title='bbox 675 3086 796 3132; x_wconf 85' lang='lat' dir='ltr'>novem</span> <span class='ocrx_word' id='word_1_119' title='bbox 832 3071 1029 3146; x_wconf 88' lang='lat' dir='ltr'>plenissima</span> <span class='ocrx_word' id='word_1_120' title='bbox 1058 3069 1208 3145; x_wconf 79' lang='lat' dir='ltr'>fulgebat</span> <span class='ocrx_word' id='word_1_121' title='bbox 1241 3069 1360 3146; x_wconf 80' lang='grc' dir='ltr'><em>σελήνη.</em></span> 
     </span>
    </p>
   </div>
   <div class='ocr_carea' id='block_1_10' title="bbox 134 3183 1384 4168">
    <p class='ocr_par' dir='ltr' id='par_1_11' title="bbox 134 3183 1384 4168">
     <span class='ocr_line' id='line_1_17' title="bbox 134 3183 1362 3258; baseline 0 -14"><span class='ocrx_word' id='word_1_122' title='bbox 134 3184 245 3258; x_wconf 86' lang='lat' dir='ltr'>Neque</span> <span class='ocrx_word' id='word_1_123' title='bbox 274 3184 398 3244; x_wconf 91' lang='lat' dir='ltr'>iniuria</span> <span class='ocrx_word' id='word_1_124' title='bbox 428 3183 489 3243; x_wconf 86' lang='lat' dir='ltr'>dea</span> <span class='ocrx_word' id='word_1_125' title='bbox 518 3187 636 3244; x_wconf 87' lang='lat' dir='ltr'>renata</span> <span class='ocrx_word' id='word_1_126' title='bbox 665 3183 785 3258; x_wconf 88' lang='lat' dir='ltr'>plausu</span> <span class='ocrx_word' id='word_1_127' title='bbox 813 3184 994 3258; x_wconf 83' lang='lat' dir='ltr'>effusisque</span> <span class='ocrx_word' id='word_1_128' title='bbox 1017 3184 1218 3245; x_wconf 90' lang='lat' dir='ltr'>clamoribus</span> <span class='ocrx_word' id='word_1_129' title='bbox 1241 3184 1362 3244; x_wconf 86' lang='lat' dir='ltr'>saluta-</span> 
     </span>
     <span class='ocr_line' id='line_1_18' title="bbox 135 3296 1364 3373; baseline -0.002 -17"><span class='ocrx_word' id='word_1_130' title='bbox 135 3297 241 3360; x_wconf 88' lang='lat' dir='ltr'>batur.</span> <span class='ocrx_word' id='word_1_131' title='bbox 262 3297 391 3373; x_wconf 81' lang='lat' dir='ltr'>Quanto</span> <span class='ocrx_word' id='word_1_132' title='bbox 410 3297 500 3357; x_wconf 91' lang='lat' dir='ltr'>enim</span> <span class='ocrx_word' id='word_1_133' title='bbox 518 3297 615 3357; x_wconf 90' lang='lat' dir='ltr'>nobis</span> <span class='ocrx_word' id='word_1_134' title='bbox 632 3296 694 3356; x_wconf 88' lang='lat' dir='ltr'>sub</span> <span class='ocrx_word' id='word_1_135' title='bbox 715 3298 815 3357; x_wconf 87' lang='lat' dir='ltr'>Arcto</span> <span class='ocrx_word' id='word_1_136' title='bbox 835 3297 1025 3356; x_wconf 85' lang='lat' dir='ltr'>viventibus</span> <span class='ocrx_word' id='word_1_137' title='bbox 1043 3298 1271 3370; x_wconf 86' lang='lat' dir='ltr'>maioremque</span> <span class='ocrx_word' id='word_1_138' title='bbox 1286 3297 1364 3356; x_wconf 90' lang='lat' dir='ltr'>anni</span> 
     </span>
     <span class='ocr_line' id='line_1_19' title="bbox 136 3408 1365 3486; baseline -0.002 -14"><span class='ocrx_word' id='word_1_139' title='bbox 136 3414 263 3486; x_wconf 88' lang='lat' dir='ltr'>partem</span> <span class='ocrx_word' id='word_1_140' title='bbox 293 3410 484 3485; x_wconf 82' lang='lat' dir='ltr'>frigoribus,</span> <span class='ocrx_word' id='word_1_141' title='bbox 517 3410 689 3470; x_wconf 86' lang='lat' dir='ltr'>umoribus</span> <span class='ocrx_word' id='word_1_142' title='bbox 723 3410 879 3470; x_wconf 82' lang='lat' dir='ltr'>exercitis</span> <span class='ocrx_word' id='word_1_143' title='bbox 914 3410 964 3469; x_wconf 89' lang='lat' dir='ltr'>sol</span> <span class='ocrx_word' id='word_1_144' title='bbox 994 3410 1074 3471; x_wconf 86' lang='lat' dir='ltr'>luna</span> <span class='ocrx_word' id='word_1_145' title='bbox 1103 3413 1155 3471; x_wconf 90' lang='lat' dir='ltr'>est</span> <span class='ocrx_word' id='word_1_146' title='bbox 1189 3408 1365 3486; x_wconf 86' lang='lat' dir='ltr'>acceptior,</span> 
     </span>
     <span class='ocr_line' id='line_1_20' title="bbox 135 3522 1365 3600; baseline -0.004 -14"><span class='ocrx_word' id='word_1_147' title='bbox 135 3528 228 3586; x_wconf 92' lang='lat' dir='ltr'>tanto</span> <span class='ocrx_word' id='word_1_148' title='bbox 262 3525 332 3585; x_wconf 90' lang='lat' dir='ltr'>sole</span> <span class='ocrx_word' id='word_1_149' title='bbox 367 3525 493 3599; x_wconf 90' lang='lat' dir='ltr'>gratior</span> <span class='ocrx_word' id='word_1_150' title='bbox 526 3524 606 3585; x_wconf 92' lang='lat' dir='ltr'>luna</span> <span class='ocrx_word' id='word_1_151' title='bbox 639 3525 691 3585; x_wconf 90' lang='lat' dir='ltr'>est</span> <span class='ocrx_word' id='word_1_152' title='bbox 724 3525 780 3599; x_wconf 89' lang='lat' dir='ltr'>iis,</span> <span class='ocrx_word' id='word_1_153' title='bbox 816 3524 871 3597; x_wconf 86' lang='lat' dir='ltr'>qui</span> <span class='ocrx_word' id='word_1_154' title='bbox 911 3524 1075 3600; x_wconf 83' lang='lat' dir='ltr'>Europam</span> <span class='ocrx_word' id='word_1_155' title='bbox 1111 3522 1365 3584; x_wconf 90' lang='lat' dir='ltr'>meridionalem</span> 
     </span>
     <span class='ocr_line' id='line_1_21' title="bbox 136 3635 1367 3712; baseline -0.002 -14"><span class='ocrx_word' id='word_1_156' title='bbox 136 3638 319 3700; x_wconf 86' lang='lat' dir='ltr'>incolentes</span> <span class='ocrx_word' id='word_1_157' title='bbox 347 3637 416 3698; x_wconf 86' lang='lat' dir='ltr'>iere</span> <span class='ocrx_word' id='word_1_158' title='bbox 447 3638 582 3698; x_wconf 87' lang='lat' dir='ltr'>cottidie</span> <span class='ocrx_word' id='word_1_159' title='bbox 607 3637 689 3698; x_wconf 90' lang='lat' dir='ltr'>solis</span> <span class='ocrx_word' id='word_1_160' title='bbox 712 3638 864 3698; x_wconf 91' lang='lat' dir='ltr'>ardorem</span> <span class='ocrx_word' id='word_1_161' title='bbox 887 3637 1067 3698; x_wconf 87' lang='lat' dir='ltr'>molestum</span> <span class='ocrx_word' id='word_1_162' title='bbox 1093 3635 1170 3712; x_wconf 89' lang='lat' dir='ltr'>sibi,</span> <span class='ocrx_word' id='word_1_163' title='bbox 1196 3637 1367 3711; x_wconf 91' lang='lat' dir='ltr'>pecoribus</span> 
     </span>
     <span class='ocr_line' id='line_1_22' title="bbox 137 3749 1366 3830; baseline -0.005 -17"><span class='ocrx_word' id='word_1_164' title='bbox 137 3754 292 3815; x_wconf 85' lang='lat' dir='ltr'>nocivum</span> <span class='ocrx_word' id='word_1_165' title='bbox 326 3753 552 3830; x_wconf 82' lang='lat' dir='ltr'>experiuntur,</span> <span class='ocrx_word' id='word_1_166' title='bbox 595 3767 656 3813; x_wconf 93' lang='lat' dir='ltr'>nec</span> <span class='ocrx_word' id='word_1_167' title='bbox 690 3752 755 3811; x_wconf 90' lang='lat' dir='ltr'>nisi</span> <span class='ocrx_word' id='word_1_168' title='bbox 789 3752 841 3812; x_wconf 92' lang='lat' dir='ltr'>die</span> <span class='ocrx_word' id='word_1_169' title='bbox 876 3753 1132 3826; x_wconf 86' lang='lat' dir='ltr'>vesperascente</span> <span class='ocrx_word' id='word_1_170' title='bbox 1174 3749 1234 3809; x_wconf 89' lang='lat' dir='ltr'>sub</span> <span class='ocrx_word' id='word_1_171' title='bbox 1269 3749 1366 3808; x_wconf 91' lang='lat' dir='ltr'>lunae</span> 
     </span>
     <span class='ocr_line' id='line_1_23' title="bbox 137 3863 1367 3942; baseline -0.003 -16"><span class='ocrx_word' id='word_1_172' title='bbox 137 3867 294 3942; x_wconf 87' lang='lat' dir='ltr'>regimine</span> <span class='ocrx_word' id='word_1_173' title='bbox 329 3866 474 3927; x_wconf 88' lang='lat' dir='ltr'>dulciore</span> <span class='ocrx_word' id='word_1_174' title='bbox 509 3868 609 3939; x_wconf 86' lang='lat' dir='ltr'>atque</span> <span class='ocrx_word' id='word_1_175' title='bbox 644 3866 769 3925; x_wconf 90' lang='lat' dir='ltr'>leniore</span> <span class='ocrx_word' id='word_1_176' title='bbox 803 3866 916 3924; x_wconf 89' lang='lat' dir='ltr'>vivere</span> <span class='ocrx_word' id='word_1_177' title='bbox 951 3879 988 3924; x_wconf 92' lang='lat' dir='ltr'>se</span> <span class='ocrx_word' id='word_1_178' title='bbox 1024 3864 1216 3924; x_wconf 90' lang='lat' dir='ltr'>aestimant.</span> <span class='ocrx_word' id='word_1_179' title='bbox 1252 3863 1367 3934; x_wconf 83' lang='lat' dir='ltr'>Itaque</span> 
     </span>
     <span class='ocr_line' id='line_1_24' title="bbox 136 3977 1367 4054; baseline -0.005 -14"><span class='ocrx_word' id='word_1_180' title='bbox 136 3981 240 4040; x_wconf 91' lang='lat' dir='ltr'>solem</span> <span class='ocrx_word' id='word_1_181' title='bbox 263 3980 426 4054; x_wconf 84' lang='lat' dir='ltr'>effugiunt</span> <span class='ocrx_word' id='word_1_182' title='bbox 445 3982 479 4039; x_wconf 91' lang='lat' dir='ltr'>et</span> <span class='ocrx_word' id='word_1_183' title='bbox 503 3982 672 4053; x_wconf 90' lang='lat' dir='ltr'>metuunt,</span> <span class='ocrx_word' id='word_1_184' title='bbox 694 3979 734 4038; x_wconf 91' lang='lat' dir='ltr'>ob</span> <span class='ocrx_word' id='word_1_185' title='bbox 758 3979 826 4037; x_wconf 89' lang='lat' dir='ltr'>vim</span> <span class='ocrx_word' id='word_1_186' title='bbox 847 3978 1060 4051; x_wconf 89' lang='lat' dir='ltr'>pestiferam;</span> <span class='ocrx_word' id='word_1_187' title='bbox 1080 3977 1245 4036; x_wconf 86' lang='lat' dir='ltr'>orientem</span> <span class='ocrx_word' id='word_1_188' title='bbox 1270 3977 1367 4035; x_wconf 87' lang='lat' dir='ltr'>modo</span> 
     </span>
     <span class='ocr_line' id='line_1_25' title="bbox 138 4089 1384 4168; baseline -0.004 -15"><span class='ocrx_word' id='word_1_189' title='bbox 138 4095 186 4155; x_wconf 87' lang='lat' dir='ltr'>vel</span> <span class='ocrx_word' id='word_1_190' title='bbox 222 4094 428 4154; x_wconf 88' lang='lat' dir='ltr'>occidentem</span> <span class='ocrx_word' id='word_1_191' title='bbox 464 4093 616 4168; x_wconf 89' lang='lat' dir='ltr'>adorant,</span> <span class='ocrx_word' id='word_1_192' title='bbox 652 4092 711 4152; x_wconf 90' lang='lat' dir='ltr'>sed</span> <span class='ocrx_word' id='word_1_193' title='bbox 745 4092 819 4151; x_wconf 92' lang='lat' dir='ltr'>odio</span> <span class='ocrx_word' id='word_1_194' title='bbox 852 4091 978 4151; x_wconf 86' lang='lat' dir='ltr'>habent</span> <span class='ocrx_word' id='word_1_195' title='bbox 1011 4092 1158 4151; x_wconf 90' lang='lat' dir='ltr'>stantem</span> <span class='ocrx_word' id='word_1_196' title='bbox 1194 4091 1227 4149; x_wconf 90' lang='lat' dir='ltr'>in</span> <span class='ocrx_word' id='word_1_197' title='bbox 1259 4089 1384 4148; x_wconf 91' lang='lat' dir='ltr'>medio·</span> 
     </span>
    </p>
   </div>
   <div class='ocr_carea' id='block_1_11' title="bbox 137 4198 1368 4394">
    <p class='ocr_par' dir='ltr' id='par_1_12' title="bbox 137 4198 1368 4394">
     <span class='ocr_line' id='line_1_26' title="bbox 138 4198 1367 4282; baseline -0.008 -14"><span class='ocrx_word' id='word_1_198' title='bbox 138 4208 245 4281; x_wconf 89' lang='lat' dir='ltr'>eaelo;</span> <span class='ocrx_word' id='word_1_199' title='bbox 269 4207 516 4282; x_wconf 89' lang='lat' dir='ltr'>pulcherrimus</span> <span class='ocrx_word' id='word_1_200' title='bbox 539 4205 582 4265; x_wconf 90' lang='lat' dir='ltr'>iis</span> <span class='ocrx_word' id='word_1_201' title='bbox 605 4206 737 4265; x_wconf 89' lang='lat' dir='ltr'>videtur</span> <span class='ocrx_word' id='word_1_202' title='bbox 761 4204 823 4265; x_wconf 89' lang='lat' dir='ltr'>sub</span> <span class='ocrx_word' id='word_1_203' title='bbox 847 4198 1367 4279; x_wconf 71' lang='grc' dir='ltr'><strong>88888111,11111811118ςβασι-</strong></span> 
     </span>
     <span class='ocr_line' id='line_1_27' title="bbox 137 4314 1368 4394; baseline -0.005 -15"><span class='ocrx_word' id='word_1_204' title='bbox 137 4321 212 4381; x_wconf 69' lang='grc' dir='ltr'><strong><em>λεύει</em></strong></span> <span class='ocrx_word' id='word_1_205' title='bbox 248 4334 441 4394; x_wconf 82' lang='lat' dir='ltr'>neo-graece</span> <span class='ocrx_word' id='word_1_206' title='bbox 475 4317 641 4393; x_wconf 85' lang='lat' dir='ltr'>significat</span> <span class='ocrx_word' id='word_1_207' title='bbox 679 4317 750 4394; x_wconf 90' lang='lat' dir='ltr'>,sol</span> <span class='ocrx_word' id='word_1_208' title='bbox 784 4317 937 4378; x_wconf 87' lang='lat' dir='ltr'>occidit‘’.</span> <span class='ocrx_word' id='word_1_209' title='bbox 970 4318 1057 4377; x_wconf 89' lang='lat' dir='ltr'>Bene</span> <span class='ocrx_word' id='word_1_210' title='bbox 1089 4318 1200 4377; x_wconf 86' lang='lat' dir='ltr'>autem</span> <span class='ocrx_word' id='word_1_211' title='bbox 1232 4314 1368 4375; x_wconf 83' lang='grc'><strong>(1188818</strong></span> 
     </span>
    </p>
   </div>
   <div class='ocr_carea' id='block_1_12' title="bbox 166 4628 1368 4874">
    <p class='ocr_par' dir='ltr' id='par_1_13' title="bbox 166 4628 1368 4874">
     <span class='ocr_line' id='line_1_28' title="bbox 169 4628 814 4691; baseline -0.006 -14"><span class='ocrx_word' id='word_1_212' title='bbox 169 4629 189 4691; x_wconf 89' lang='lat'>¹)</span> <span class='ocrx_word' id='word_1_213' title='bbox 207 4629 344 4688; x_wconf 76' lang='lat' dir='ltr'>Byzantii?</span> <span class='ocrx_word' id='word_1_214' title='bbox 362 4628 575 4676; x_wconf 85' lang='lat' dir='ltr'>Preller-Bobert</span> <span class='ocrx_word' id='word_1_215' title='bbox 592 4642 618 4688; x_wconf 89' lang='lat' dir='ltr'>p.</span> <span class='ocrx_word' id='word_1_216' title='bbox 638 4629 686 4674; x_wconf 77' lang='lat' dir='ltr'>lea</span> <span class='ocrx_word' id='word_1_217' title='bbox 706 4630 771 4675; x_wconf 80' lang='lat' dir='ltr'>Ann.</span> <span class='ocrx_word' id='word_1_218' title='bbox 791 4629 814 4673; x_wconf 77' lang='grc'>2.</span> 
     </span>
     <span class='ocr_line' id='line_1_29' title="bbox 166 4713 1368 4782; baseline -0.01 -12"><span class='ocrx_word' id='word_1_219' title='bbox 166 4718 186 4779; x_wconf 75' lang='lat'>²)</span> <span class='ocrx_word' id='word_1_220' title='bbox 205 4723 342 4782; x_wconf 76' lang='lat' dir='ltr'>druppius</span> <span class='ocrx_word' id='word_1_221' title='bbox 355 4721 400 4769; x_wconf 79' lang='lat' dir='ltr'>Gr.</span> <span class='ocrx_word' id='word_1_222' title='bbox 415 4720 497 4779; x_wconf 74' lang='lat' dir='ltr'>Myon.</span> <span class='ocrx_word' id='word_1_223' title='bbox 506 4734 532 4780; x_wconf 90' lang='lat' dir='ltr'>p.</span> <span class='ocrx_word' id='word_1_224' title='bbox 544 4722 590 4766; x_wconf 92' lang='grc'>161</span> <span class='ocrx_word' id='word_1_225' title='bbox 603 4722 668 4766; x_wconf 87' lang='grc' dir='ltr'><strong>Δ1111.</strong></span> <span class='ocrx_word' id='word_1_226' title='bbox 680 4721 711 4765; x_wconf 90' lang='grc'>16</span> <span class='ocrx_word' id='word_1_227' title='bbox 721 4733 752 4765; x_wconf 85' lang='lat' dir='ltr'>ex</span> <span class='ocrx_word' id='word_1_228' title='bbox 762 4719 887 4776; x_wconf 79' lang='lat' dir='ltr'>Argolide</span> <span class='ocrx_word' id='word_1_229' title='bbox 896 4719 1002 4778; x_wconf 86' lang='lat' dir='ltr'>repetit,</span> <span class='ocrx_word' id='word_1_230' title='bbox 1011 4720 1167 4776; x_wconf 81' lang='lat' dir='ltr'>argumento</span> <span class='ocrx_word' id='word_1_231' title='bbox 1176 4716 1279 4764; x_wconf 79' lang='lat' dir='ltr'>adiecto</span> <span class='ocrx_word' id='word_1_232' title='bbox 1288 4713 1368 4760; x_wconf 89' lang='lat' dir='ltr'>nullo.</span> 
     </span>
     <span class='ocr_line' id='line_1_30' title="bbox 169 4809 582 4874; baseline -0.015 -12"><span class='ocrx_word' id='word_1_233' title='bbox 169 4809 191 4873; x_wconf 78' lang='lat'>³)</span> <span class='ocrx_word' id='word_1_234' title='bbox 208 4814 345 4873; x_wconf 83' lang='lat' dir='ltr'>Gruppius</span> <span class='ocrx_word' id='word_1_235' title='bbox 364 4827 390 4874; x_wconf 90' lang='lat' dir='ltr'>p.</span> <span class='ocrx_word' id='word_1_236' title='bbox 409 4814 456 4859; x_wconf 77' lang='grc'>162</span> <span class='ocrx_word' id='word_1_237' title='bbox 476 4815 541 4859; x_wconf 86' lang='grc' dir='ltr'><strong>Δ1111.</strong></span> <span class='ocrx_word' id='word_1_238' title='bbox 559 4814 582 4857; x_wconf 92' lang='grc'>6.</span> 
     </span>
    </p>
   </div>
   <div class='ocr_carea' id='block_1_13' title="bbox 0 0 1778 5692">
    <p class='ocr_par' dir='ltr' id='par_1_14' title="bbox 0 0 1778 5692">
     <span class='ocr_line' id='line_1_31' title="bbox 0 0 1778 5692; baseline 0 0"><span class='ocrx_word' id='word_1_239' title='bbox 0 0 1778 5692; x_wconf 95' lang='lat' dir='ltr'> </span> 
     </span>
    </p>
   </div>
  </div>
 </body>
</html>
