3525 5692
705 760 747 803 na
769 759 880 804 araca.
1362 745 1405 804 39

180 933 317 995 Homeri
348 933 551 994 carminibus
580 934 789 1010 reperiretur,
821 933 918 994 facile
948 933 1051 994 videri
1081 936 1212 1010 poterat
1236 935 1276 995 ob
1299 935 1409 996 Aiacis

178 1047 287 1109 scelus
321 1062 396 1109 esse
430 1049 651 1122 commotum;
687 1048 745 1109 sed
778 1047 889 1123 potius
923 1047 1184 1123 amplectebatur
1216 1049 1282 1110 tria
1315 1064 1407 1124 argu·

176 1165 304 1223 menta:
323 1161 517 1223 inimicitias
537 1163 624 1223 inter
642 1161 825 1222 Minervam
844 1163 877 1222 et
894 1162 1013 1222 Aiaces
1036 1163 1137 1223 certis
1159 1163 1290 1225 indiciis
1312 1163 1347 1223 in
1375 1167 1410 1222 Ψ

176 1275 356 1350 indicatas;
376 1275 538 1336 vindicias
557 1275 716 1337 Troianae
735 1275 816 1336 deae
834 1275 989 1337 tutelaris
1008 1275 1042 1335 in
1062 1276 1205 1337 victores
1224 1277 1315 1337 urbis
1326 1292 1406 1338 suae

176 1394 286 1465 actas;
316 1390 484 1450 Minervae
510 1390 596 1450 iram
619 1389 709 1450 Iovis
732 1389 780 1449 illi
803 1389 952 1451 similem
976 1389 1016 1450 ob
1040 1390 1205 1450 victorum
1229 1391 1404 1452 immodes-

174 1506 258 1566 tiam
288 1507 424 1566 motam.
449 1504 526 1566 Tria
548 1505 631 1566 haec
654 1506 867 1581 argumenta,
893 1519 976 1578 quae
999 1505 1087 1566 haud
1111 1505 1208 1566 dubie
1231 1505 1405 1579 aliquando

173 1637 194 1681 a
235 1618 408 1696 rhapsodis
448 1619 522 1680 fuse
562 1619 808 1696 tractabantur,
841 1619 1021 1680 admodum
1056 1634 1159 1694 parva
1196 1620 1337 1694 vestigia
1370 1621 1405 1681 in

173 1735 360 1797 Homericis
382 1732 598 1810 reliquerunt,
631 1736 666 1794 at
696 1733 841 1809 vestigia
871 1735 965 1811 sunt,
992 1749 1075 1808 qnae
1105 1734 1210 1796 semel
1240 1734 1404 1796 monitum

173 1851 334 1913 lectorem
355 1849 470 1923 fugere
493 1849 673 1922 nequeunt.

219 1962 375 2025 Ceterum
404 1964 445 2025 de
475 1962 657 2038 naufragiis
687 1963 899 2024 Achaeorum
925 1963 959 2022 in
983 1963 1090 2025 reditu
1111 1963 1210 2024 factis
1233 1978 1291 2038 pro
1316 1966 1404 2026 certo

172 2079 263 2140 valet
285 2076 530 2153 Vergilianum:
555 2077 732 2152 ,quidquid
756 2076 901 2138 delirant
924 2092 1020 2153 reges
1043 2077 1230 2153 plectuntur
1248 2078 1406 2152 Achivi”;

175 2208 255 2254 nam
277 2192 334 2253 ubi
356 2194 409 2254 tot
430 2207 548 2269 naves,
573 2193 624 2252 tot
645 2191 770 2252 milites
792 2191 959 2269 peribant,

354 2302 439 2384 ἀρχοὶ
462 2305 495 2365 d'
519 2295 559 2364 αὖ
584 2303 640 2366 δύο
663 2312 776 2383 μοῦνοι
799 2308 923 2385 Ἀχαιῶν
951 2339 989 2350 -
1014 2302 1047 2365 ἕν
1070 2304 1166 2391 νόστῳ
1191 2302 1312 2384 ὄλοντο,

179 2421 339 2482 nimirum
364 2421 451 2482 Aiax
473 2421 583 2481 minor
606 2423 639 2481 et
660 2420 905 2496 Agamemnon.

224 2536 429 2612 Quamquam
449 2535 713 2610 Agamemnonis
733 2536 876 2594 mortem
897 2535 968 2595 Iovi
987 2535 1153 2610 imputare
1168 2534 1307 2596 minime
1318 2534 1405 2598 licet.

220 2651 334 2711 Iovem
363 2649 453 2710 enim
476 2649 561 2709 lranc
584 2651 728 2709 mortem
753 2647 903 2708 noluisse
925 2650 1093 2709 testantur
1111 2672 1129 2708 α
1154 2650 1196 2710 38
1220 2664 1286 2722 sq.:

349 2757 495 2843 Ἑρμείαν
518 2759 691 2840 πέμψαντες
711 2759 862 2823 ἐύσκοπον
886 2761 1098 2842 Ἀργεϊφόντην

356 2871 421 2955 μήτ’
446 2873 541 2936 αὐτὸν
565 2877 878 2952 (Agamemnonem)
902 2875 1039 2953 κτείνειν,

177 3006 282 3066 neque
305 2992 537 3066 Agamemnon
560 2987 592 3050 ἕν
615 2988 712 3075 νόστῳ
735 2993 890 3052 mortuus
914 3005 988 3052 esse
1011 2991 1075 3052 dici
1096 2993 1216 3067 potest.

220 3105 306 3166 Aiax
325 3121 452 3180 quoque
470 3104 586 3166 invitis
605 3105 699 3182 Iove,
720 3105 883 3182 Minerva,
897 3106 1049 3182 Neptuno
1062 3107 1233 3183 effugisset
1244 3109 1402 3182 mortem,
1436 3129 1468 3165 ,κ

174 3219 241 3280 nisi
274 3221 462 3281 exstitisset
494 3221 585 3281 fama
619 3220 801 3297 popularis,
832 3236 917 3294 quae
946 3222 980 3281 in
1002 3222 1133 3298 Aegaeo
1158 3225 1301 3285 mortem
1324 3239 1401 3285 eum

174 3333 296 3395 obiisse
318 3334 430 3396 ferret.
455 3334 525 3410 Qua
548 3335 588 3395 de
611 3349 646 3396 re
670 3350 751 3396 mox
774 3334 878 3410 plura.
903 3336 996 3396 Nunc
1025 3351 1105 3397 vero
1135 3339 1284 3398 statuere
1313 3338 1402 3414 licet,

176 3447 287 3509 odium
309 3447 390 3509 illud
413 3449 485 3509 aive
507 3449 598 3510 Iovis
616 3449 679 3509 fuit
698 3448 770 3510 sive
789 3449 957 3509 Minervae
975 3427 1083 3510 multa
1101 3449 1195 3511 milia
1212 3451 1401 3528 hominum,

175 3562 232 3636 qui
261 3561 358 3624 Troia
387 3565 484 3637 capta
514 3563 548 3622 in
580 3562 752 3624 Graeciam
782 3576 848 3623 uon
878 3564 1089 3623 reverterunt
1117 3563 1315 3647 perdidisse,
1345 3566 1403 3626 sed

176 3677 262 3749 quod
292 3676 332 3737 ad
362 3677 480 3738 heroes
504 3676 638 3753 attinet,
659 3676 836 3752 procellam
856 3676 949 3738 illam
973 3676 1007 3737 in
1030 3677 1115 3737 mari
1138 3679 1269 3753 Aegaeo
1292 3680 1403 3754 potius

174 3788 280 3854 fuisse
302 3789 480 3865 procellam
503 3790 538 3850 in
560 3789 714 3866 simpulo.

693 4100 887 4110 v—v——u-—u—-u-

347 4347 426 4414 VII.
451 4348 570 4414 Pauca
594 4346 635 4413 de
659 4347 898 4444 Minervaein
920 4345 1033 4412 Iliade
1056 4345 1231 4428 partibus.

220 4589 399 4666 Minervae,
434 4589 542 4663 qualis
566 4589 599 4649 in
624 4589 725 4649 Iliade
749 4588 919 4664 aspicitur,
944 4587 1006 4648 sub
1029 4602 1170 4662 persona
1193 4587 1300 4647 latent
1324 4586 1407 4647 duae

176 4702 266 4763 deae.
302 4702 416 4763 Altera
447 4705 499 4764 est
531 4703 691 4780 Minerva,
717 4717 800 4776 quae
824 4702 1025 4762 Graecorum
1049 4701 1243 4777 apartibus
1266 4702 1406 4775 pugnat,

175 4831 258 4908 quae
288 4816 456 4886 Diomedis
479 4816 628 4885 ascendit
652 4831 803 4892 currum,
828 4831 911 4899 quae
935 4815 1075 4881 fulmine
1098 4818 1228 4881 armata
1249 4813 1405 4895 procedit.
