3525 5692
700 710 742 756 nn
765 710 882 757 Arnon.
1358 696 1398 758 4?

219 880 282 942 Sed
316 896 376 942 suo
407 882 513 959 ipsius
542 883 610 944 fato
641 884 729 944 Aiax
761 888 899 946 coactus
929 886 1034 947 fuisse
1064 886 1203 962 videtur,
1234 888 1272 946 ut
1301 900 1403 945 unum

176 995 288 1072 deum,
322 996 377 1070 qui
407 996 489 1058 bene
519 998 549 1058 ei
577 997 693 1074 vellet,
718 1013 738 1058 a
760 1013 797 1059 se
821 1000 988 1060 averteret
1012 1002 1112 1074 atque
1133 1000 1168 1058 in
1191 1014 1227 1059 se
1251 1002 1405 1060 armaret.

175 1108 309 1170 Scilicet
343 1113 380 1171 ut
416 1111 512 1186 Gyris
545 1112 580 1172 in
610 1111 747 1188 rupibus
778 1113 1059 1189 exstingueretur.
1082 1113 1214 1175 Dixeris
1237 1115 1409 1176 exstitisse

174 1222 323 1285 fabulam
352 1226 560 1304 popularem,
588 1242 673 1301 quae
697 1227 832 1289 Aiacem
855 1230 1012 1291 hocloco
1036 1229 1057 1289 i.
1081 1245 1100 1290 e
1122 1230 1209 1305 apud
1231 1229 1405 1303 Myconum

175 1342 348 1401 mortuum
372 1339 483 1402 vellet.

220 1453 327 1514 Locus
345 1469 461 1515 revera
480 1457 553 1515 erat
570 1455 763 1538 peculiaris,
783 1471 863 1517 nam
883 1455 1001 1517 Strabo
1021 1456 1063 1527 (X
1081 1472 1113 1532 p.
1133 1458 1209 1528 487)
1221 1460 1404 1520 memorat:

178 1565 350 1642 ,Μύκονος
380 1563 433 1645 ὑφ’
465 1561 485 1652 ᾗ
516 1569 690 1646 μυθεύουσι
719 1573 844 1629 νεῖσθαι
874 1579 935 1630 τῶν
960 1568 1112 1650 γιγάντων
1134 1568 1205 1642 τοὺς
1227 1568 1405 1642 ὗστάιονς”.
1444 1593 1476 1628 s

175 1677 354 1754 Gigantum
377 1681 477 1756 igitur
500 1681 635 1744 ultimos
658 1681 703 1743 ibi
727 1683 895 1745 interiisse
919 1682 1047 1745 ferebat
1069 1684 1222 1760 mythos,
1241 1684 1297 1744 ubi
1320 1685 1406 1744 Aiax

175 1808 240 1855 uno
264 1795 411 1855 omnium
436 1795 589 1872 deorum,
612 1797 667 1870 qui
691 1811 767 1857 eum
792 1797 989 1874 adiuvabat,
1014 1798 1169 1873 superbia
1186 1797 1278 1860 laeso
1298 1799 1402 1859 vitam
1444 1819 1480 1858 a

174 1907 344 1977 amiserat.
378 1909 497 1987 Heres,
528 1911 585 1984 qui
614 1910 706 1971 nullo
729 1910 842 1971 divino
866 1911 993 1972 auxilio
1015 1910 1198 1990 fruebatur,
1222 1914 1278 1988 qui
1299 1913 1406 1975 maior

174 2036 249 2083 esse
280 2023 462 2101 videbator,
492 2039 595 2098 quam
624 2024 677 2086 cui
698 2025 759 2086 tali
782 2024 908 2086 auxilio
931 2041 1014 2100 opus
1038 2028 1142 2103 esset,
1165 2043 1264 2101 quem
1288 2030 1402 2089 tamen

173 2135 347 2211 Neptunus
378 2138 570 2217 adamabat,
590 2139 764 2204 interierat
786 2140 956 2201 Minervae
980 2140 1119 2202 fulmine
1141 2156 1319 2218 percussus
1342 2157 1406 2216 quo

172 2250 245 2312 loco
280 2254 313 2312 et
343 2251 501 2327 Gigantes
534 2254 574 2314 de
608 2253 761 2330 superbia
795 2269 857 2315 sua
890 2255 924 2314 in
959 2255 1041 2316 deos
1071 2256 1251 2316 manifesta
1279 2271 1404 2331 poenas

173 2362 310 2427 ultimas
329 2367 496 2429 dederant.
517 2367 700 2429 Audiamus
724 2368 899 2445 Quintum,
920 2369 976 2442 qui
1000 2366 1127 2450 oidrpa'p
1150 2366 1282 2450 ὑπονοίᾳ
1304 2384 1401 2446 usus,

174 2479 232 2540 sed
254 2481 407 2559 fortuito,
432 2482 567 2544 Aiacem
592 2484 893 2544 circumnatantem
918 2483 967 2544 sic
989 2483 1180 2559 descripsit:

351 2595 429 2668 Αἴας
453 2589 600 2657 δ’ἄλλοτε
622 2592 678 2674 μὲν
700 2595 876 2676 περινήχετο
901 2596 1028 2677 δούρατι
1051 2595 1141 2675 νηός,

352 2707 453 2771 ἄλλοτε
477 2705 503 2770 δ’
531 2701 571 2769 αὖ
594 2709 722 2790 χείρεσσι
745 2708 871 2788 διήνυον
896 2706 1016 2790 ἁλμυρὰ
1039 2707 1152 2789 βένθη,

353 2821 494 2910 ἀκαμάτῳ
521 2827 625 2903 Τιτῆνι
648 2824 720 2904 βίην
743 2821 918 2905 ὑπέροπλον
942 2822 1055 2896 ἐοικώς.
1078 2821 1166 2895 (XIV
1189 2825 1254 2886 548
1277 2829 1371 2900 sqq).

217 2938 298 2999 Mira
320 2939 466 3014 proiecto
485 2940 706 3014 compararint
728 2939 816 3000 Aiax
836 2939 956 3016 minor,
978 2935 994 2998 ὀ
1014 2933 1130 3018 ὀλίγοςε
1145 2935 1286 3023 ἀκαμάτῳ
1302 2941 1406 3016 Tarpa

174 3049 278 3125 ἐοικώς
300 3056 398 3127 atque
421 3055 455 3114 in
479 3069 519 3116 ea
541 3057 614 3131 ipsa
636 3055 785 3131 regione,
808 3054 862 3115 ubi
883 3053 917 3114 oi
931 3053 1055 3113 ὕστατοι
1073 3052 1217 3132 Γίγαντες
1236 3049 1407 3114 ἀπέθανον.

174 3167 246 3229 Νοο
277 3169 463 3230 nescimus:
488 3168 628 3244 Quintus
650 3168 797 3245 imagine
820 3169 919 3230 modo
943 3169 997 3228 est
1019 3183 1116 3245 usus,
1141 3168 1189 3229 nil
1213 3167 1318 3229 voluit
1340 3183 1407 3228 am·

174 3281 278 3357 plius;
314 3283 371 3344 sed
406 3298 459 3343 res
494 3282 646 3344 miranda
679 3284 804 3344 manet.
839 3282 933 3344 Adde
965 3284 999 3342 et
1035 3281 1113 3342 hoc:
1144 3281 1256 3343 Aiacis
1285 3283 1406 3343 mortis

176 3395 277 3457 aliam
310 3397 550 3470 quaesiverunt
584 3411 721 3459 oausam
756 3399 912 3457 auctores
941 3396 1156 3473 posteriores,
1188 3411 1307 3472 nempe
1330 3394 1407 3458 Oas-

173 3511 315 3570 sandrae
336 3513 487 3586 raptum;
510 3511 613 3572 aliurn
634 3526 763 3585 quoque
782 3509 990 3570 tradiderunt
1010 3508 1135 3583 locum,
1158 3509 1212 3569 uhi
1224 3509 1310 3570 Aiax
1321 3511 1406 3586 peri-

174 3624 273 3685 isset!
305 3625 344 3684 In
375 3623 497 3700 Cycliis
529 3625 616 3686 enim
650 3624 854 3687 carminibus
890 3620 1043 3694 (Νόστοις)
1065 3623 1333 3697 promunturium
1352 3625 1406 3685 est

176 3737 395 3816 caphareum,
427 3738 482 3800 ubi
505 3739 604 3800 heros
626 3739 740 3800 interit
764 3737 912 3814 Neptuni
939 3735 1092 3797 tridente.
1112 3736 1151 3795 In
1174 3736 1407 3810 antiquissimo

176 3868 253 3914 vero
283 3854 415 3931 mytho,
447 3852 503 3927 qui
532 3853 690 3915 narrabat
719 3853 857 3915 Aiacem
890 3851 975 3927 apud
1007 3850 1113 3924 Gyras
1136 3850 1240 3925 ipsius
1262 3851 1405 3913 fortasse

176 3965 341 4029 Minervae
353 3983 456 4029 manu
467 3968 647 4045 interiisse,
665 3983 723 4043 pro
744 3981 845 4028 causa
865 3965 1066 4027 afferebatur
1084 3979 1189 4038 neque
1201 3963 1406 4027 Cassandrae

175 4082 290 4156 raptus
324 4096 429 4157 neque
464 4082 554 4143 aliud
588 4082 680 4159 quid,
716 4096 817 4155 quam
853 4079 1020 4140 Minervae
1050 4079 1084 4138 in
1114 4079 1252 4140 Aiacem
1282 4079 1403 4141 odium.

175 4194 293 4255 Odium
315 4211 395 4257 vero
419 4195 481 4257 hoc
504 4195 748 4257 internecivum
769 4194 857 4255 unde
879 4192 1058 4270 provenit?

219 4309 442 4371 Philostratus
472 4310 614 4381 (Heroio.
646 4311 722 4381 707)
746 4309 780 4370 in
803 4309 915 4369 Aiacis
939 4306 1032 4367 exitu
1053 4306 1266 4368 describendo
1289 4308 1405 4369 multis

175 4423 324 4497 partibus
354 4439 374 4484 a
403 4424 594 4486 narratione
626 4422 754 4498 vulgari
784 4421 961 4496 discrepat.
993 4418 1077 4479 Nam
1100 4422 1179 4495 post
1201 4419 1406 4482 cassandrae

173 4542 305 4611 raptum
339 4538 581 4613 Agamemnon
605 4537 720 4614 edicit,
744 4537 929 4598 Minervam
952 4533 1157 4610 propositum
1181 4535 1243 4597 sibi
1266 4536 1402 4613 hebere,

173 4649 209 4708 ni
242 4651 440 4724 quantocius
475 4652 600 4713 Achaei
632 4650 829 4712 interimant
862 4650 1015 4724 Aiacem,
1050 4649 1160 4708 totum
1194 4649 1403 4713 Achaeorum

174 4764 358 4825 exercitum
382 4765 604 4841 exstinguere.
630 4765 699 4841 Qua
721 4764 812 4826 iama
833 4763 962 4841 perlata
983 4761 1069 4821 Aiax
1089 4761 1197 4824 minor
1215 4763 1405 4826 Palamedis
