3525 5692
415 720 477 778 106
937 737 976 780 on
999 737 1110 782 Amen.

409 904 632 978 pulcherrima
653 905 711 965 illa
728 904 871 982 Melissa,
890 921 974 981 quae
993 905 1120 990 ᾠνοχόει
1140 917 1178 989 τῷ
1200 907 1380 990 Περιάνδρῳ
1401 909 1532 978 (Athen.
1545 908 1631 981 XIII,

412 1017 499 1093 baa),
522 1034 664 1093 poenam
686 1018 861 1080 solvebant
884 1019 924 1080 ob
948 1019 1107 1080 delictum
1131 1020 1299 1093 quoddam
1319 1020 1536 1080 commissum
1549 1035 1633 1080 man·

410 1130 520 1204 sitque
541 1131 595 1192 bic
616 1146 692 1192 mos
714 1145 816 1206 paene
840 1147 944 1206 usque
966 1133 1008 1192 ad
1031 1132 1203 1193 Plutarchi
1226 1135 1384 1194 aetatem.

455 1243 506 1303 Ad
529 1243 660 1305 Initium
683 1244 785 1319 igitur
806 1253 859 1321 τῆς
881 1240 1027 1324 ἡμετέρας
1049 1241 1169 1323 ἐποχῆς.

455 1355 555 1418 Hisce
578 1372 657 1418 vero
680 1357 709 1418 si
731 1357 926 1420 adiunxeris
952 1360 1054 1420 verba
1077 1360 1186 1421 schol.
1210 1361 1245 1418 N
1265 1361 1327 1420 66:
1354 1363 1490 1438 ,Ἀθηνᾶ
1514 1358 1547 1420 δὲ
1568 1359 1633 1421 οὐδὲ

410 1468 489 1529 σύτο
511 1477 564 1547 τῆς
587 1466 677 1550 ἀρχῆς
697 1467 865 1548 ἐπαύσατο,
883 1469 957 1532 ἀλλὰ
977 1470 1029 1531 καλ
1051 1472 1122 1544 τούς
1143 1472 1284 1550 Λοκρούς
1303 1469 1475 1552 ἠνάγκασεν
1494 1471 1542 1533 ἐπὶ
1561 1475 1632 1552 χίλια

409 1580 460 1658 ἔτη
483 1581 525 1654 εἰς
541 1580 634 1644 Ἴλιον
660 1582 693 1644 ἐκ
714 1583 830 1664 κλήρου
851 1583 1030 1664 παρθένους
1052 1583 1206 1663 πίμπειν”
1228 1581 1371 1665 (callim.
1394 1587 1429 1646 in
1454 1585 1482 1645 α’
1506 1588 1632 1664 Αἰτίων),

410 1698 624 1759 statuendum
656 1699 719 1759 erit
745 1714 873 1761 morem
907 1701 1072 1775 virginum
1106 1701 1237 1776 piaculo
1259 1701 1498 1762 mlttendarum
1523 1703 1634 1762 indes

409 1809 525 1870 'l'roiae
539 1810 632 1871 exitu
648 1826 706 1886 per
725 1812 935 1873 millennium
955 1828 1060 1887 usque
1080 1814 1120 1873 ad
1133 1811 1300 1874 christum
1314 1817 1432 1874 natum
1444 1814 1632 1875 obtinuisse.

454 1923 578 1985 Versus
612 1941 714 2001 supra
747 1926 840 1987 allati
871 1943 892 1988 a
919 1927 1083 1989 lleinekio
1114 1929 1297 2004 Touppium
1326 1931 1497 1990 auctorem
1527 1931 1634 1988 secuto

410 2038 517 2107 (Anal.
541 2038 637 2099 Alex.
661 2054 692 2113 p.
719 2041 794 2110 165)
818 2040 1051 2101 tribuebantur
1073 2041 1291 2116 Euphorionis
1315 2039 1532 2115 chiliadibus;
1557 2042 1633 2115 cogi·

408 2150 504 2211 tabat
545 2153 580 2211 et
620 2153 744 2228 cogitat
785 2154 890 2214 etiam
925 2168 1013 2215 nunc
1046 2153 1290 2215 Herwerdenus
1322 2154 1362 2214 de
1396 2154 1461 2214 Iliu
1494 2155 1631 2215 Perside.

406 2257 582 2342 Ἐπέχομεν.

453 2378 554 2440 Plura
576 2383 741 2441 memorat
764 2380 949 2441 scholiasta
971 2381 1012 2441 ad
1035 2381 1195 2456 Lycopbr.
1220 2382 1316 2449 Alex.
1340 2383 1423 2442 1141
1444 2395 1532 2455 squ:
1558 2386 1633 2457 „loa-

412 2500 473 2569 μού
499 2492 697 2571 κατασχόντος
720 2490 776 2570 την
798 2492 938 2573 Λοκρίδα
962 2491 1013 2553 διὰ
1035 2491 1090 2571 τὴν
1116 2493 1158 2565 είς
1181 2493 1387 2573 Κασσάνδραν
1410 2491 1632 2572 ἀθεμιτομιξίαν

413 2590 545 2678 Αἴαντος
572 2604 696 2686 ἔχρησεν
720 2604 736 2666 ὃ
759 2606 832 2679 θεὸς
855 2605 1033 2688 παρθένους
1058 2606 1245 2679 ἐνιαυσιαίοις
1268 2607 1309 2680 εἰς
1335 2608 1447 2687 Τροίαν
1470 2616 1506 2691 τῇ
1525 2611 1633 2688 Ἀθηνᾷ

413 2716 605 2781 ἀποστέλλειν
637 2718 685 2780 ἐπλ
715 2722 793 2798 χίλια
825 2719 884 2799 ἐτη·
906 2721 1097 2799 πεμπόμεναι
1120 2717 1153 2781 δὲ
1176 2713 1265 2781 αύται
1289 2719 1471 2798 ἐφονεύοντο
1495 2719 1555 2781 ὑπὸ
1577 2729 1632 2779 τῶν

416 2833 536 2910 Τρώων·
566 2843 817 2912 προαπαντῶντες
847 2833 905 2914 γὰρ
929 2835 962 2895 οί
984 2839 1083 2915 Τρῶες
1106 2833 1307 2913 ἐλιθοβόλουν
1330 2834 1432 2906 αύτάς·
1455 2835 1484 2894 εί
1504 2832 1538 2894 δέ
1559 2854 1631 2904 τινες

413 2945 575 3026 ἐκφύγοιεν
598 2944 785 3007 ἀνελθοῦσαι
807 2947 908 3028 λάθρα
931 2947 973 3020 είς
996 2947 1029 3009 τὸ
1051 2956 1104 3026 τῆς
1124 2953 1254 3025 Ἀθηνᾶς
1273 2947 1354 3028 ἱερὸν
1374 2950 1407 3009 τὸ
1426 2947 1533 3008 λοιπὸν
1549 2939 1633 3007 αύται

411 3058 518 3138 ίίρειαι
550 3058 693 3139 ἐγίνοντο·
727 3058 779 3132 τὰς
814 3057 847 3121 δὲ
878 3059 1093 3140 ἀναιρεθείσας
1127 3059 1232 3122 ἔκαιον
1262 3059 1410 3141 ἀκάρποῖς
1441 3059 1493 3121 καὶ
1523 3059 1631 3140 ἀγρίοις

412 3173 521 3246 ξύλοις·
542 3171 579 3233 τά
602 3170 635 3233 δέ
657 3169 728 3233 ὀστᾶ
751 3173 852 3234 αύτῶν
876 3171 937 3234 ἀπὸ
964 3174 1123 3254 Ὶράροονος
1148 3171 1238 3254 ὅρους
1261 3183 1313 3252 τῆς
1334 3174 1443 3253 Τροίας
1462 3175 1503 3246 εἰς
1522 3175 1633 3234 θάλασ-

413 3303 470 3346 σαν
500 3285 648 3367 ἔρριπτον·
678 3285 729 3347 καὶ
752 3288 844 3348 πάλιν
874 3288 907 3348 οί
927 3286 1045 3368 Λοκροί
1068 3286 1249 3349 ἀπέστελλον
1273 3286 1373 3360 ἀλλας.
1397 3289 1507 3365 ταύτης
1531 3284 1563 3346 δὲ
1585 3294 1631 3363 τῆς

412 3399 542 3480 ἱστορίας
565 3398 616 3460 καλ
640 3400 828 3478 Καλλίμαχος
852 3399 1000 3479 μέμνηται
1024 3407 1154 3478 (nempe
1177 3402 1212 3462 in
1236 3399 1263 3460 α’
1288 3400 1422 3472 Αίτίων).

457 3515 621 3574 Audimus
655 3516 855 3589 sapientiam
890 3514 1156 3576 callimacbeam.
1194 3514 1408 3591 „Pestilentia
1442 3528 1518 3574 cum
1553 3515 1635 3573 inter

414 3628 594 3688 Locrenses
629 3629 669 3688 ob
704 3633 859 3704 stuprum
894 3631 934 3691 ab
969 3630 1070 3690 Aiace
1104 3630 1139 3690 in
1170 3629 1389 3691 Cassandram
1420 3629 1634 3689 commissum

414 3743 586 3820 erupisset,
621 3744 738 3818 Apollo
768 3746 882 3822 iussIt,
912 3748 950 3806 ut
972 3761 1030 3822 per
1053 3745 1262 3806 millennium
1288 3743 1472 3804 terceniacus
1496 3742 1639 3816 virgines

413 3855 545 3916 'l'roiam
575 3856 741 3918 Minervae
764 3859 805 3919 ad
828 3859 944 3919 fanum
970 3859 1193 3920 mitterentur.
1217 3858 1349 3918 Troiani
1373 3860 1486 3918 autem
1510 3853 1637 3928 virgini·

414 3968 474 4028 bus
509 3969 656 4030 insidiati
692 3986 767 4032 cum
798 3971 876 4032 telis
907 3987 945 4032 ac
975 3971 1141 4047 lapidibus
1164 3987 1222 4032 eas
1245 3969 1538 4047 persequebantur.
1563 3966 1637 4042 Qua·

412 4096 487 4141 rum
522 4082 551 4141 sl
584 4097 667 4156 quae
701 4085 861 4146 Troianos
892 4085 1088 4160 effugientes
1119 4085 1285 4146 Minervae
1314 4083 1478 4159 templum
1508 4080 1636 4154 assequi

413 4197 589 4269 potuerant
612 4198 731 4260 dehinc
753 4202 859 4260 totam
884 4215 943 4275 per
965 4200 1128 4272 relicuum
1153 4199 1259 4259 vitam
1287 4199 1366 4258 deae
1397 4195 1573 4258 servitium
1606 4193 1636 4252 in

413 4322 450 4367 se
473 4309 684 4383 recipiebant.
707 4311 903 4372 Interfectas
927 4315 1040 4372 autem
1064 4311 1197 4372 Troiani
1220 4312 1319 4386 lignis
1343 4309 1513 4370 sterilibus
1533 4321 1635 4382 agres-

411 4419 564 4494 tibusque
598 4423 852 4502 comburebant,
885 4441 963 4486 ossa
992 4426 1078 4486 lecta
1108 4426 1149 4485 de
1180 4427 1294 4486 monte
1322 4424 1466 4484 Trarone
1491 4421 1524 4480 in
1548 4433 1635 4479 mare

410 4533 622 4608 proiciebant.
654 4537 694 4597 at
723 4553 840 4599 rursus
869 4540 1050 4600 Locrenses
1074 4538 1255 4599 mittebant
1285 4538 1403 4598 allas.’'
1433 4536 1504 4596 Non
1530 4532 1636 4594 omnia

412 4645 493 4706 haec
522 4651 602 4708 sunt
631 4651 812 4725 perspicua.
841 4646 1049 4723 Ἐνιανσιαῐος
1073 4650 1269 4712 vocabulum
1294 4650 1404 4736 atticis
1427 4647 1634 4718 inusitatum,

412 4759 470 4819 sed
504 4775 568 4834 quo
599 4765 800 4827 recentiores
833 4782 891 4841 pro
916 4765 1058 4850 ἐνιαυσία
1090 4767 1138 4827 uti
1171 4764 1324 4826 solebant
1348 4767 1423 4836 (qua
1446 4763 1486 4822 de
1509 4776 1544 4821 re
1566 4758 1637 4820 vide
