3525 5692
681 715 722 761 on
745 715 856 761 arnon.
1340 697 1381 758 63

157 888 316 952 Herodoti
338 891 543 952 mentionem
567 889 684 966 templi
714 888 876 966 Ἀθηναίης
901 886 933 948 lv
957 888 1018 947 Σάι
1042 887 1111 948 πόλι
1133 888 1249 965 positi,
1274 891 1387 948 tamen

25 1059 34 1065 .
156 999 267 1065 nullus
298 1003 490 1064 mortalium
517 1003 686 1078 hucusque
717 1003 912 1079 explicavit,
944 1019 1001 1064 cur
1032 998 1233 1066 Ξυπετεώυυν
1260 1002 1388 1076 potissi·

158 1135 252 1180 mum
283 1135 358 1180 cum
387 1118 472 1202 δήμῳ
503 1118 604 1178 Troes
634 1119 754 1179 atticos
776 1117 988 1179 coniunxerit
1016 1116 1257 1177 Phenodemus.
1283 1115 1387 1190 Quam

158 1230 390 1295 difficultatem
415 1233 485 1308 ipse
509 1230 648 1292 Orosius
673 1232 810 1307 agnovit
833 1231 900 1301 (1.1.
926 1247 957 1306 p.
984 1232 1073 1307 177),
1105 1230 1163 1290 sed
1187 1244 1252 1290 non
1276 1227 1387 1289 solvit.

158 1347 252 1408 Talia
286 1349 401 1407 autem
436 1345 631 1422 explicanda
662 1347 743 1405 sunt
773 1346 953 1418 antequam
987 1345 1257 1406 condemnentur.
1288 1342 1390 1403 Nobis

160 1474 238 1521 vero
272 1460 394 1520 Troum
430 1460 564 1521 demum
598 1460 703 1521 tuisse
738 1461 770 1520 in
804 1460 916 1520 Attica
946 1459 1033 1520 haud
1064 1458 1175 1517 minus
1207 1456 1388 1517 verisimile

158 1573 300 1649 videtur,
332 1571 432 1647 quam
459 1574 614 1634 extitisse
637 1572 746 1633 locum
774 1572 913 1652 Φρυγίαν
937 1572 1140 1648 appellatum
1160 1570 1193 1630 in
1217 1569 1390 1630 Thessalia

159 1687 284 1762 (steph.
309 1687 413 1761 Byr),
439 1687 493 1747 vel
517 1684 552 1746 ut
578 1686 697 1765 Φρύγια
721 1687 754 1746 in
774 1687 911 1747 Boeotia
935 1686 1048 1761 (Thur.
1073 1685 1209 1757 11122).

205 1800 296 1860 Siout
329 1802 443 1860 autem
474 1801 582 1861 insani
613 1800 700 1862 foret
730 1793 929 1860 contendere
960 1799 1109 1874 Phryges
1132 1798 1231 1860 Asiae
1254 1798 1389 1864 Minoris

159 1914 236 1974 hinc
267 1928 389 1974 nornen
420 1927 519 1974 suurn
542 1913 693 1989 duxisse,
719 1914 768 1974 sic
792 1913 877 1974 serio
901 1928 966 1974 non
991 1913 1230 1975 contendemus
1253 1913 1390 1975 Troadis

159 2027 285 2088 incolas
308 2041 429 2087 nomen
449 2042 548 2088 suum
568 2027 665 2087 demo
684 2027 802 2088 debere
821 2027 934 2088 attico.
956 2027 1105 2088 Meraene
1124 2027 1389 2102 igituriortunae

160 2141 437 2202 contribuendum
469 2143 521 2202 est
552 2140 638 2213 quod
662 2141 744 2201 talia
766 2140 969 2214 homonyma
993 2141 1026 2200 in
1051 2143 1188 2214 utraque
1211 2141 1393 2202 continenti

161 2255 392 2330 reperiuntur?
423 2255 474 2314 An
506 2253 681 2328 quicquam
714 2253 839 2315 valebit
861 2253 1096 2314 Erichthonius
1119 2255 1184 2314 iam
1211 2255 1295 2329 apud
1318 2269 1390 2331 poe·

160 2369 230 2428 tam
263 2369 400 2427 vocatus
428 2367 523 2428 Trois
553 2369 671 2443 pater?
701 2370 754 2429 An
778 2369 831 2428 hic
862 2383 991 2443 quoque
1017 2369 1079 2428 sub
1103 2368 1206 2431 oculis
1229 2368 1390 2430 hahemus

161 2483 355 2557 exemplum
395 2483 540 2544 nominis
576 2484 763 2559 cuiusdam,
809 2484 894 2557 qnod
929 2485 1046 2558 gentes
1084 2483 1265 2544 nomadum
1299 2497 1392 2543 more

27 2683 35 2690 ,
162 2598 322 2672 vagantes
354 2611 410 2670 per
441 2598 618 2672 utramque
646 2597 873 2658 continentem
897 2597 1019 2672 priscis
1042 2595 1250 2672 temporibus
1273 2596 1393 2671 disper-

162 2709 281 2784 serint,
314 2710 363 2771 ita
393 2712 431 2773 ut
457 2713 588 2788 poetae,
614 2710 735 2786 quibus
758 2710 880 2772 Troum
908 2710 1027 2770 demus
1051 2710 1173 2770 atticus
1197 2710 1284 2771 haud
1309 2712 1398 2772 esset
1445 2733 1447 2736 ·

159 2825 307 2899 ignotus,
332 2825 390 2885 sed
412 2825 467 2898 qui
486 2825 610 2900 optime
633 2824 760 2886 scirent
784 2839 880 2885 veros
901 2824 1002 2885 Troes
1022 2825 1056 2884 in
1076 2824 1203 2885 Troade
1216 2839 1396 2897 essequae·

163 2936 298 3011 rendos,
318 2937 371 3012 ,in
390 2938 552 2998 maiorem
572 2937 829 2999 Atheniensium
848 2935 1012 3011 gloriam’
1026 2936 1277 2997 Erichthonium
1291 2937 1398 3012 Xype·
1515 2916 1519 2922 ⁵

164 3051 301 3111 teonum
326 3051 472 3111 ricinum
496 3050 591 3112 Trois
614 3043 743 3126 patrem
767 3050 928 3111 fecerint?

209 3163 493 3239 Atthidographos
516 3166 604 3226 inter
627 3165 736 3226 multa
759 3165 869 3240 inepta
893 3164 947 3225 hic
969 3164 1037 3225 illic
1061 3165 1130 3225 veri
1154 3164 1295 3226 alicuius
1313 3167 1400 3226 rudi-

164 3281 279 3338 menta
313 3293 479 3354 servasse,
505 3279 638 3340 credere
661 3279 739 3352 quid
768 3280 885 3339 vetet?
908 3277 1075 3338 Nonnulla
1099 3277 1200 3338 etiam
1224 3283 1399 3341 servarunt

164 3406 249 3465 quae
283 3391 358 3452 aliis
393 3393 562 3467 suspecta,
600 3391 674 3452 aliis
708 3406 774 3452 non
815 3390 951 3451 omnino
987 3389 1158 3451 abicienda
1191 3391 1399 3453 videbuntur.

164 3505 325 3566 Dabimus
349 3505 551 3581 exemplum.
580 3506 750 3580 Leguntur
770 3504 855 3579 apud
883 3503 1099 3564 Plutarchum
1124 3505 1159 3563 in
1182 3504 1258 3565 Vita
1280 3505 1399 3566 Thesei

166 3623 205 3688 (c.
232 3619 284 3690 17)
315 3619 411 3680 haec:
444 3617 631 3697 »Φιλόχορος
656 3615 688 3678 δὲ
718 3616 801 3698 παρὰ
832 3616 949 3695 Σκίρου
973 3613 1069 3694 φησὶν
1092 3615 1125 3676 ἐκ
1148 3620 1323 3695 Σαλαμῖνος
1346 3617 1399 3679 τόν

169 3726 269 3808 Θησέα
293 3732 396 3810 λαβεῖν
418 3731 608 3811 κυβερνήτην
632 3728 686 3820 μὲν
710 3730 895 3792 Ναυσίθοον
918 3727 1039 3814 πρῳρέα
1053 3726 1096 3789 ’δὲ
1123 3731 1256 3809 Φαίακα,
1275 3731 1398 3809 μηδέπω

166 3841 231 3903 τότε
265 3853 324 3904 τῶν
353 3843 525 3922 Ἀθηναίων
550 3844 761 3926 προσεχόντων
792 3855 827 3929 τῇ
857 3843 1010 3928 θαλάσση·
1041 3848 1186 3924 μαρτυρεῖ
1217 3841 1249 3905 δὲ
1283 3847 1399 3920 τούτοις

166 3952 251 4036 ἡρῷα
286 3957 472 4019 Ναυσιθόου
507 3956 559 4018 καλ
594 3959 729 4031 Φαίακος
761 3956 922 4037 εἱσαμένου
956 3955 1079 4036 Θησέως
1106 3960 1247 4039 Φαληροῖ
1260 3960 1336 4039 πρὸς
1359 3972 1399 4046 τῷ

166 4078 220 4132 τοῦ
244 4070 360 4149 Σκίρου
385 4071 469 4154 ἱερῷ,
492 4070 543 4131 καί
567 4071 621 4150 τὴν
646 4070 752 4152 ἑορτὴν
776 4071 811 4131 τὰ
832 4072 1028 4152 Κυβερνήσια
1054 4070 1149 4150 φησλν
1169 4071 1293 4147 ἐκείνοις
1311 4079 1399 4136 τελεῖ-

167 4186 274 4243 σθαι”.
293 4183 352 4255 (cf.
377 4184 480 4246 Clam.
502 4184 553 4246 Al.
574 4186 681 4247 Protr.
702 4202 735 4262 p,
750 4187 800 4247 12.
828 4187 865 4246 λε
893 4193 1031 4262 ,τιμᾶται
1056 4181 1097 4244 σε’
1121 4208 1164 4257 τις
1187 4183 1238 4245 καλ
1264 4188 1405 4266 Φαληροῖ

166 4295 243 4356 κατὰ
267 4299 411 4377 πρύμναν
436 4294 564 4379 ἥρως”).

213 4412 417 4473 Nausithous
441 4415 476 4472 et
498 4413 647 4489 Phaeax,
673 4427 813 4486 quorum
837 4413 870 4472 in
895 4413 1054 4473 honorem
1078 4428 1172 4474 sacra
1196 4414 1400 4477 habebantur

167 4525 354 4598 sacellaque
378 4526 486 4599 posita
508 4529 606 4586 erant
630 4527 670 4587 ad
695 4526 777 4587 Sciri
801 4527 1087 4601 promunturium,
1106 4527 1215 4588 locum
1236 4527 1402 4604 Minervae
1468 4504 1471 4511 ⁴

165 4637 291 4699 Sciradi
315 4653 466 4714 sacrum,
493 4641 564 4700 noti
588 4640 683 4701 nobis
707 4644 787 4700 sunt
810 4653 852 4700 ex
872 4640 1029 4714 Odyssea.
1054 4641 1180 4703 Heroas
1204 4643 1306 4719 euim,
1332 4644 1399 4716 qui·

166 4751 229 4811 bus
252 4754 368 4825 postea
390 4749 426 4811 τὰ
449 4752 645 4834 Κυβερνήσια
669 4753 885 4830 habebantur,
904 4761 964 4812 τῶν
983 4750 1202 4835 δολιχηρέτμον
1214 4757 1398 4818 Phaeacum
