3525 5692
693 739 736 783 un
758 740 868 786 arnon.
1280 769 1282 774 .
1329 723 1393 782 1113

169 913 285 973 aedem
316 912 481 972 intrarant
518 910 720 986 genibusque
751 910 940 971 submissae
981 910 1085 971 vitam
1125 910 1396 985 deprecabantur,

169 1041 209 1087 ea
243 1026 315 1099 lege
350 1025 456 1085 vitam
490 1025 682 1100 servabant,
720 1027 757 1084 ut
788 1039 846 1099 per
877 1024 1038 1096 reliquam
1070 1023 1176 1083 vitam
1202 1022 1397 1083 ancillarum

169 1153 307 1198 munere
329 1153 366 1199 se
387 1139 560 1199 iuncturas
583 1151 658 1198 esse
676 1137 920 1213 pollicerentur.
942 1136 998 1196 Sin
1018 1137 1132 1197 aedem
1146 1135 1398 1210 egrediebantur

169 1252 381 1312 necabantur.
409 1251 472 1312 Pro
501 1251 657 1312 defuncta
686 1251 814 1325 virgine
844 1265 965 1310 novam
990 1250 1052 1310 dea
1073 1248 1241 1324 exigebat,
1266 1250 1399 1308 mortua

170 1381 250 1425 vero
272 1368 387 1440 utpote
406 1364 599 1425 numinibus
616 1363 753 1442 χθονίοις
772 1378 868 1424 sacra
883 1363 982 1437 lignis
1002 1362 1159 1423 feralibus
1176 1361 1399 1422 comburenda

170 1481 252 1539 erat.
276 1478 369 1537 Binis
391 1478 511 1553 puellis
534 1479 596 1538 dea
619 1480 776 1539 contenta
798 1492 873 1537 esse
896 1476 1100 1537 credebatur.

216 1591 249 1650 Si
284 1591 417 1666 propius
446 1590 644 1665 inspicimus
674 1605 803 1650 morem
835 1589 1045 1664 modumque,
1070 1604 1135 1662 quo
1160 1588 1304 1662 virgines
1328 1588 1398 1648 vita

167 1705 343 1765 deiunctae
377 1719 394 1764 e
429 1705 537 1764 medio
571 1703 786 1778 tollebantur,
817 1706 953 1778 apparet
976 1703 1058 1763 duos
1087 1702 1173 1761 ritus
1195 1702 1299 1761 fuisse
1324 1716 1396 1762 con·

165 1819 307 1878 iunctos.
341 1816 624 1878 comburebantur
651 1817 740 1877 enirn
765 1818 799 1876 et
821 1816 949 1876 cineres
972 1817 1007 1876 in
1030 1831 1122 1876 mare
1145 1815 1397 1889 proiciebantur.

167 1933 239 1991 Mos
273 1934 386 1991 autern
422 1929 637 1991 comburendi
666 1929 837 1991 obtinebat
866 1931 900 1989 in
930 1929 972 1990 iis
1002 1927 1189 2004 sacrificiis,
1223 1943 1306 2002 quae
1336 1932 1397 1999 τοῖς

165 2044 380 2123 καταχθονίοις
411 2043 550 2119 fiebant;
582 2045 765 2105 vocabatur
788 2040 974 2103 tionoozocv
999 2043 1113 2113 (schol.
1139 2043 1216 2106 oed.
1240 2042 1307 2104 col.
1333 2043 1398 2113 42).

167 2160 206 2218 In
238 2174 330 2219 mare
361 2174 439 2219 vero
469 2158 712 2232 proiciebantur
736 2157 893 2218 victimae
916 2161 977 2228 τοῖς
1000 2155 1179 2234 καθαρσίοις
1203 2157 1398 2216 destinatae.

168 2272 224 2332 Sic
245 2273 340 2332 initio
363 2273 397 2332 in
420 2273 530 2332 insula
553 2273 701 2332 Leucade
732 2271 912 2346 quotannis
935 2271 1079 2345 Apollini
1102 2269 1259 2362 περίψημα
1282 2271 1398 2329 huma-

166 2389 249 2444 num
274 2401 293 2444 a
317 2386 452 2460 rupibus
475 2387 557 2446 deici
581 2385 722 2459 solebat;
747 2389 864 2460 postea
889 2400 965 2446 vero
990 2384 1145 2446 navicula
1169 2385 1341 2444 victimam
1364 2383 1398 2442 in

167 2499 252 2558 mari
263 2499 449 2574 excipiebat
461 2499 662 2573 salvumque
673 2501 766 2560 trans
778 2497 862 2560 fines
871 2499 1091 2559 comitabatur
1101 2496 1298 2572 (StrabXp.
1308 2497 1396 2565 452).

166 2611 314 2685 Uterque
338 2627 411 2673 mos
434 2613 467 2672 in
494 2606 687 2688 virginibus'
698 2613 919 2673 Locrensibus
939 2629 956 2673 e
975 2612 1085 2673 medio
1112 2610 1266 2671 tollendis
1290 2610 1397 2670 obser·

170 2725 317 2801 rebatur,
341 2726 391 2786 ita
414 2728 451 2786 ut
473 2727 560 2787 clare
584 2730 742 2802 appareat
761 2730 831 2786 tam
851 2727 923 2787 deis
942 2725 1079 2804 χθονίοις
1098 2741 1200 2800 quam
1219 2723 1398 2802 καθαρσίοις

165 2854 224 2898 eas
246 2839 351 2900 ruisse
373 2841 570 2903 destinatas.
596 2841 728 2902 Tertius
751 2841 852 2901 etiam
878 2856 953 2900 mos
976 2841 1009 2900 in
1029 2841 1096 2901 ritu
1114 2840 1208 2900 latet.
1229 2838 1399 2899 Cadavera

166 2952 257 3013 enim
287 2953 420 3014 illarum
445 2955 611 3028 virginum
634 2955 703 3028 igni
726 2953 980 3030 mandabantur,
1005 2969 1088 3028 quae
1111 2969 1131 3014 a
1153 2952 1280 3014 civibus
1303 2954 1399 3012 extra

166 3068 331 3143 templum
361 3069 562 3143 interceptae
594 3069 757 3145 lapidibus
788 3068 925 3130 obrutae
955 3071 1059 3130 orant.
1092 3068 1278 3129 Accedebat
1299 3066 1400 3140 igitur

121 3246 127 3252 ¹
164 3175 186 3258 ἡ
209 3181 312 3261 σψοιγή
337 3183 389 3243 vel
411 3178 431 3259 ἡ
456 3180 646 3259 abaciacum,
668 3181 700 3242 τὸ
724 3179 929 3257 ἀποσφάττειν
953 3179 972 3261 ἢ
995 3183 1180 3242 καταλεύειν.

211 3295 306 3356 Η1111ο
329 3297 431 3357 ritum
455 3297 636 3358 Locrenses
658 3297 693 3357 in
718 3297 833 3358 Asiam
857 3297 1061 3370 emigrantes
1084 3311 1198 3357 secum
1220 3297 1397 3356 duxerunt.

166 3410 218 3470 Ibi
250 3425 378 3484 quoque
414 3426 487 3471 mos
522 3411 688 3486 virginum
724 3409 1017 3471 sacrificandarum
1054 3409 1159 3469 semel
1193 3409 1320 3483 patriae
1358 3406 1399 3466 ob

166 3524 311 3583 salutem
341 3523 516 3584 institutus
546 3525 618 3584 erat
656 3525 854 3600 servandus,
890 3525 1087 3597 praesertim
1124 3538 1198 3583 cum
1234 3522 1398 3597 templum

169 3641 283 3720 Ἀθηνᾷ
303 3631 403 3720 ’iliata
424 3671 463 3678 —
489 3639 510 3700 i.
532 3653 559 3698 e.
585 3639 666 3698 deae
689 3638 844 3700 Locrensi
865 3641 996 3698 -tam
1021 3637 1140 3698 celebri
1159 3637 1231 3697 loco
1252 3636 1398 3711 positum

166 3751 318 3811 omniurn
349 3751 383 3811 in
412 3766 449 3811 se
473 3754 682 3812 converteret
705 3753 831 3828 oculos,
857 3752 1000 3826 talisque
1026 3750 1202 3812 celebritas
1225 3752 1396 3810 consuetu·

166 3864 277 3924 dinem
316 3865 535 3924 inveteratam
571 3866 605 3924 in
639 3865 895 3926 desuetudinem
931 3866 1020 3926 abire
1058 3880 1125 3926 non
1163 3864 1298 3924 sineret.
1335 3863 1397 3923 Sed

165 3992 243 4037 cum
270 3977 355 4037 Aiax
384 3976 453 4038 iam
483 3978 518 4037 in
550 3978 666 4039 Asiam
689 3979 982 4054 transmigrasset,
1009 3980 1154 4052 deaeque
1178 3978 1332 4038 sacerdos
1357 3977 1396 4046 ab

166 4091 266 4151 Aiace
294 4091 400 4164 petita
430 4106 488 4165 pro
519 4091 643 4152 Priami
674 4090 743 4152 lilia
770 4091 947 4152 haberetur
974 4092 1212 4167 pulcherrima,
1237 4091 1397 4151 domnae

165 4204 285 4277 quibus
317 4204 463 4278 virgines
493 4205 649 4265 victimae
681 4205 884 4279 eligerentur
915 4205 948 4265 in
979 4206 1115 4266 Locride
1151 4209 1398 4276 remanserant;

167 4332 208 4377 ex
228 4318 300 4392 ipsa
315 4318 416 4392 igitur
427 4317 620 4379 colonorum
632 4319 743 4392 patria
755 4319 913 4381 victimae
926 4320 958 4379 in
972 4319 1088 4380 Asiam
1101 4320 1196 4379 erant
1206 4319 1400 4379 mittendae.

210 4431 295 4491 Nam
319 4435 356 4492 ut
385 4431 505 4506 Tityus
535 4432 703 4507 terrigena
732 4433 823 4492 mala
854 4435 949 4493 actus
975 4432 1111 4494 libidine
1134 4434 1296 4492 Latonam
1321 4433 1398 4492 arri·

164 4546 252 4622 puit;
288 4547 325 4606 ut
359 4545 470 4606 Pallas
505 4546 651 4620 primum
687 4547 781 4620 gigas
816 4546 1004 4620 ([Apollod].
1029 4548 1054 4620 I,
1079 4549 1110 4623 6,
1137 4548 1167 4616 2)
1200 4547 1315 4607 deinde
1339 4561 1400 4605 rex

165 4656 333 4732 mythicus
356 4660 441 4733 apud
464 4660 684 4733 Lycabettum
708 4661 804 4719 iuxta
828 4659 1011 4719 Minervam
1032 4660 1201 4721 Pallenida
1217 4660 1399 4721 honoratus

163 4772 250 4831 banc
280 4787 375 4832 suam
406 4774 512 4847 ipsius
543 4771 646 4832 filiam
678 4776 729 4833 est
759 4773 909 4849 adortus,
935 4775 983 4834 sic
1009 4774 1095 4834 Aiax
1118 4775 1213 4852 gigas
1236 4774 1397 4836 locrensis
