3525 5692
363 711 425 770 172
868 679 909 772 nn
932 727 1081 774 oanunrs.

358 897 535 959 accedebat
555 901 684 976 Apollo,
710 917 808 975 quem
831 903 914 962 item
933 903 966 961 in
986 902 1120 963 carneis
1140 905 1264 977 partes,
1286 916 1391 973 neque
1411 901 1590 974 minimas,

358 1013 467 1086 egisse
499 1014 567 1072 iam
603 1014 798 1075 videbimus.
830 1016 956 1076 Iterum
990 1017 1097 1077 citabo
1127 1016 1326 1076 Pausaniam
1360 1015 1431 1089 (III,
1467 1015 1519 1088 13,
1553 1014 1592 1082 3)

358 1125 416 1185 sed
438 1141 526 1187 nunc
550 1128 661 1188 verbis
683 1108 903 1204 plenioribus:
968 1205 971 1212 .

404 1237 441 1316 ,tl
473 1237 506 1300 δὲ
536 1241 700 1320 Κάρνειος,
721 1238 757 1302 ὃν
782 1241 910 1303 Οἰκέταν
934 1241 1169 1320 ἐπονομάζουσι,
1193 1241 1278 1319 τιμὰς
1302 1235 1378 1320 εἶχεν
1401 1241 1433 1302 ἐν
1455 1241 1590 1324 Σπάρτῃ

357 1352 409 1413 καλ
438 1354 511 1433 ιτρλν
535 1350 733 1435 Ἡρακλείδας
764 1363 937 1434 κατελθεῖν,
967 1358 1070 1437 ἵδρυτο
1094 1354 1127 1418 δὲ
1149 1356 1182 1418 ἐν
1206 1357 1285 1439 οίκίμ
1310 1356 1407 1432 Κρίου
1431 1363 1484 1416 τοῦ
1510 1355 1590 1415 Oso-

357 1466 462 1540 κλέους
491 1466 604 1548 ἀνδρὸς
635 1471 775 1548 μάντεως.
808 1473 961 1551 Κάρνειον
992 1469 1025 1532 δὲ
1055 1472 1226 1532 Ἀπόλλωνα
1257 1474 1406 1549 Δωριεῦσι
1438 1465 1493 1546 μὲν
1522 1473 1591 1540 τοῖς

357 1590 429 1641 πᾶσι
464 1581 608 1662 σέβεσθαι
637 1584 824 1663 καθέστηκεν
854 1584 915 1646 άτιὸ
945 1586 1071 1664 Κάρνου
1100 1583 1186 1667 γένος
1217 1584 1246 1658 ἐξ
1279 1584 1476 1661 Ἀκαρνανίας
1506 1605 1590 1659 μαν-

356 1693 520 1773 τευομίνου
552 1694 586 1757 δὲ
615 1696 645 1771 έξ
676 1701 877 1773 Ἀπόλλωνος·
909 1709 1015 1761 τοῦτον
1046 1697 1102 1781 γάρ
1129 1699 1181 1760 τὸν
1205 1698 1330 1777 Κάρνον
1353 1696 1591 1768 ἀποκτείναντος

361 1809 494 1870 Ιιιιιότου
528 1820 581 1872 τοῦ
620 1813 777 1886 Φύλαντος
812 1812 951 1875 ἐνέπεσεν
987 1813 1016 1887 ές
1043 1813 1076 1874 τὸ
1108 1813 1310 1892 στρατόπεδον
1341 1817 1401 1883 τοῖς
1433 1817 1592 1891 Δωριεῦσι

358 1923 476 2001 μήνιμα
518 1926 715 2003 Ἀπόλλωνος,
756 1925 807 1986 καλ
843 1924 988 2006 Ἵτιτιότης
1030 1950 1059 1988 τε
1098 1927 1211 2007 ἔφυγεν
1253 1924 1300 1987 έτιί
1338 1935 1377 2009 τῷ
1412 1925 1497 2010 φόνῳ
1531 1923 1591 1985 καὶ

358 2023 529 2116 Δωριεῦσιν
559 2037 621 2100 άττὸ
652 2043 760 2103 τούτου
791 2041 843 2102 τὸν
869 2049 1034 2120 Ἀκαρνᾶνα
1057 2041 1166 2120 μάντιν
1188 2039 1375 2116 καθέστηκεν
1399 2039 1591 2098 ἱλάσκεσθαι.

358 2148 433 2210 ἀλλὰ
462 2149 519 2231 μὰρ
551 2154 806 2231 Λακεδαιμονίοις
838 2156 892 2235 οὐχ
923 2149 1012 2228 οὗτος
1041 2153 1057 2216 ὁ
1087 2153 1210 2226 Οἰκέτας
1242 2151 1301 2213 ἐστὶ
1324 2156 1486 2231 Κάρνειος,
1509 2148 1525 2212 ὅ
1550 2149 1589 2212 δὲ

357 2263 391 2325 έν
420 2275 475 2326 τοῦ
498 2266 630 2343 μάντεως
654 2267 752 2347 Κρίου
776 2271 940 2347 τιμώμενος
969 2276 1089 2348 Ἀχαιῶν
1112 2267 1154 2328 έτι
1176 2266 1304 2347 έχάντων
1327 2267 1381 2345 τὴν
1404 2268 1590 2346 Σιιάρτην”.

400 2380 562 2442 Distincle
597 2383 651 2444 bic
683 2384 866 2445 Pausanias
901 2388 1034 2460 separat
1068 2382 1231 2445 Carneum
1263 2385 1434 2459 Oecetam,
1465 2383 1521 2456 qui
1551 2383 1588 2442 in

361 2497 450 2556 vatis
483 2491 552 2557 Ortt
580 2497 732 2559 Theoclis
761 2499 821 2560 filii
847 2501 983 2561 aedibus
1008 2501 1162 2560 habitans
1185 2499 1225 2559 ab
1249 2498 1379 2557 Actaeis
1403 2497 1589 2557 Laconicae

361 2610 504 2671 dominis
535 2614 779 2687 antiquissimis
808 2615 985 2689 colebatur,
1011 2632 1030 2674 a
1057 2610 1180 2675 Corace
1203 2614 1345 2688 Apolline
1368 2613 1427 2671 deo
1452 2606 1587 2670 Dorien-

359 2724 446 2785 sibus
464 2741 570 2802 sacro,
591 2728 647 2801 qui
665 2728 765 2788 simul
782 2744 858 2789 cum
878 2729 1064 2790 Heraclidis
1082 2730 1115 2788 in
1133 2729 1395 2802 Peloponnesum
1411 2725 1588 2798 ingressus

361 2837 401 2896 ob
425 2835 523 2898 Carni
547 2841 632 2901 vatis
655 2843 706 2901 sui
731 2845 872 2901 mortem
898 2845 1015 2916 postea
1034 2858 1051 2902 a
1070 2840 1283 2901 Doriensibus
1302 2839 1426 2914 placari
1444 2834 1587 2897 solebat.

361 2950 471 3010 Monet
501 2968 563 3012 nos
593 2954 779 3028 iterumque
811 2958 924 3016 monet
947 2956 1128 3016 Pausanias
1151 2971 1192 3015 ne
1216 2955 1366 3031 Κάρνειον
1390 2949 1588 3026 cognomine

363 3063 486 3124 Οἰκέτου
510 3067 711 3142 appellatum
736 3084 811 3129 cum
837 3067 974 3153 Καρνείῳ
1001 3068 1160 3128 Ἀπόλλωνι
1183 3069 1434 3130 confundamus

403 3179 474 3239 Iam
498 3182 614 3241 statim
634 3183 862 3258 intellegimus
882 3183 1019 3258 Spartae
1038 3184 1162 3245 iactam
1182 3197 1256 3243 esse
1275 3187 1356 3240 θεῶν
1372 3181 1549 3258 σύγκρασιν,
1564 3175 1587 3248 1)

359 3293 455 3353 cuius
477 3297 630 3370 exempla
652 3304 807 3358 sescenta
829 3299 964 3373 praebet
984 3298 1189 3373 mythologie
1207 3297 1356 3371 antiqua;
1376 3297 1474 3356 deum
1494 3295 1587 3352 enim

360 3406 547 3481 apollinem
577 3411 610 3469 in
641 3409 757 3471 Garnei
785 3411 956 3472 daemonis
980 3412 1104 3472 cultum
1130 3411 1319 3471 insinuasse
1342 3425 1379 3470 se
1402 3410 1499 3482 atque
1521 3407 1587 3480 ita,

360 3524 397 3580 ut
431 3521 548 3583 Oarnei
582 3539 702 3585 nomen
733 3526 796 3585 sibi
830 3531 1015 3587 assumeret
1046 3526 1235 3598 festumque
1269 3528 1385 3601 postea
1415 3521 1590 3584 daemonis

360 3636 558 3710 appellativo
588 3639 797 3700 indicaretur.
828 3640 919 3700 Idem
950 3641 1063 3700 evenit
1085 3639 1247 3715 Amyclis,
1273 3639 1330 3698 ubi
1351 3639 1447 3699 deum
1474 3635 1590 3695 cbtho-

361 3749 454 3808 nium
484 3750 710 3824 Hyacinthum
742 3754 872 3828 expulit
901 3754 1031 3829 Apollo,
1064 3755 1151 3814 unde
1182 3768 1224 3813 ex
1254 3753 1311 3812 illo
1342 3751 1416 3812 iude
1439 3753 1590 3825 tempore

360 3861 506 3923 invocari
529 3865 656 3925 solebat
679 3866 796 3941 Apollo
820 3867 1052 3941 Hyacinthius.
1077 3867 1227 3942 Vestigia
1250 3868 1363 3926 autem
1386 3865 1478 3925 illius
1497 3864 1587 3922 inva-

361 3974 465 4036 sionis
488 3979 571 4052 apud
591 3980 792 4040 Pausaniam
812 3981 914 4040 etiam
934 3983 1078 4057 restant,
1100 3995 1177 4040 nam
1201 3987 1274 4055 ,roe
1294 3975 1327 4038 et
1351 3977 1466 4057 Κρίοο”
1480 3977 1588 4050 inquit

364 4093 546 4175 ,γεμιζούσῃ
575 4103 612 4176 τῇ
641 4092 770 4173 θυγατρὶ
801 4094 884 4171 ὕδωρ
902 4092 1110 4190 Ισυντυχόντες
1141 4093 1327 4153 κατάσκοποι
1356 4101 1416 4152 τῶν
1445 4088 1588 4168 Δωριέων

362 4202 439 4286 αὐτῇ
472 4227 502 4265 τε
535 4203 683 4281 άφίκοντο
715 4205 744 4280 ές
774 4208 897 4287 λόγους,
927 4207 978 4267 καλ
1008 4207 1090 4280 παρὰ
1120 4206 1172 4267 τὸν
1206 4210 1301 4283 Κρῖον
1331 4204 1472 4277 ἐλθόντες
1503 4204 1584 4265 διδά-

361 4335 485 4379 σκονται
514 4319 570 4396 τὴν
593 4319 705 4380 άλωσιν
727 4330 779 4398 τῆς
803 4323 969 4400 Σιιάρτης”
995 4324 1075 4393 (ill.
1101 4324 1202 4383 Suum
1228 4324 1340 4383 autem
1363 4319 1525 4382 Carneum
1550 4323 1587 4380 ut

360 4448 380 4493 a
412 4449 497 4494 novo
525 4435 586 4495 deo
617 4435 769 4510 Apolline
797 4434 922 4497 carneo
945 4438 1093 4497 Lacones
1116 4436 1235 4497 exinde
1259 4435 1514 4510 distinguerent,
1539 4433 1587 4493 illi

362 4546 555 4607 addiderunt
585 4564 766 4622 cognomen
798 4547 940 4626 Οἰκέταν,
974 4550 1060 4622 quod
1091 4549 1227 4609 minime
1259 4546 1423 4622 significat
1446 4562 1583 4622 εινυυυι,

399 4787 418 4848 ¹)
437 4790 476 4836 (11.
493 4793 653 4842 Schoemann
672 4797 716 4844 Gr.
733 4797 784 4844 Alt.
801 4798 828 4843 II
847 4797 903 4844 175.
