3525 5692
381 706 424 765 24
904 719 946 762 un
969 718 1079 762 Arnon.

424 891 586 953 Omnibus
616 892 728 952 autem
756 890 994 951 controversiis
1017 889 1167 965 omissis,
1192 888 1224 948 id
1247 886 1360 948 nullus
1382 900 1449 946 non
1473 885 1608 946 criticus

378 1005 557 1066 hodiernus
581 1005 738 1066 concedet
762 1005 787 1061 Β
811 1004 873 1064 tur
899 1017 948 1076 sq.
973 1017 1047 1064 esse
1070 1002 1164 1064 obelo
1187 1001 1361 1064 notandos.

423 1120 518 1196 Apud
559 1120 743 1182 Homerum
779 1119 879 1193 igitur
914 1118 1100 1180 Telamonii
1134 1118 1174 1178 de
1208 1117 1316 1193 patria
1350 1117 1482 1178 constat
1515 1113 1607 1175 nihil.

379 1233 571 1295 (ionicimus
601 1232 736 1293 heroem
768 1231 919 1308 Locride,
952 1231 1008 1292 ubi
1036 1247 1113 1294 cum
1137 1233 1239 1294 Aiace
1261 1231 1391 1292 minore
1414 1230 1611 1292 coniunctus

378 1350 502 1426 iuerat,
527 1347 656 1423 relicta,
680 1361 804 1408 novam
828 1347 943 1408 sedem
967 1347 1114 1408 nondum
1138 1349 1212 1407 tum
1235 1346 1430 1422 repperisse.
1460 1344 1607 1416 Uterque

380 1463 469 1524 enim
489 1462 575 1523 Aiax
593 1475 611 1520 e
630 1459 766 1521 Locride
781 1460 944 1536 provenit,
965 1459 1021 1521 ubl
1041 1463 1076 1522 et
1096 1460 1221 1522 Teucer
1239 1462 1312 1520 orat
1331 1460 1445 1533 natus,
1466 1459 1505 1518 ut
1521 1457 1607 1517 inira

379 1589 543 1651 exponere
562 1573 765 1635 conabimur.
782 1573 877 1634 Nunc
890 1574 974 1635 satis
987 1575 1032 1634 sit
1043 1574 1241 1635 observasse
1252 1573 1445 1649 Locrenses,
1460 1571 1609 1647 quilibro

380 1690 413 1747 N
432 1688 574 1750 arcubus
597 1688 720 1749 armati
740 1687 937 1764 procedunt,
958 1687 1072 1763 procul
1091 1687 1189 1750 dubio
1208 1687 1303 1748 initio
1322 1686 1479 1748 habuisse
1491 1685 1607 1746 ducem

377 1802 494 1864 eodem
528 1802 626 1863 modo
660 1803 865 1862 instructum
901 1803 949 1879 ut,
986 1817 1057 1877 ag.
1092 1799 1277 1878 Φιλοκτήτης
1307 1798 1403 1872 τόξων
1434 1796 1468 1859 ἐὺ
1497 1797 1607 1867 ιΡειδώς

376 1917 528 1991 praeerat
563 1915 665 1991 copiis
698 1912 794 1986 τόξων
819 1911 853 1975 ἐι
876 1912 996 1975 irritor
1018 1916 1091 1991 Ηφι
1113 1914 1263 1993 μάχεσθαι
1285 1916 1322 1984 (Β
1343 1914 1407 1977 718
1431 1920 1503 1987 sq.).
1528 1913 1607 1988 Quis

376 2031 489 2090 autem
531 2029 648 2090 melior
688 2029 806 2088 horum
842 2028 1057 2089 Locrensium
1092 2029 1212 2090 fuisset
1246 2028 1315 2089 dux
1348 2042 1449 2102 quam
1483 2026 1607 2087 Teucer

378 2138 563 2218 ὁτοξότηςῖ

421 2255 546 2316 Monuit
585 2255 709 2316 Usener
741 2259 775 2314 in
810 2254 904 2330 libro,
936 2254 993 2328 qui
1023 2255 1215 2317 inscribitur
1247 2255 1434 2333 ,Dreiheit'’
1463 2255 1605 2316 triadem

376 2370 570 2446 plerumque
600 2386 618 2430 ο
643 2368 762 2446 duade,
786 2368 880 2429 iilam
905 2385 984 2431 vero
1008 2385 1026 2432 e
1052 2370 1196 2432 monade
1218 2385 1292 2431 esse
1315 2372 1436 2433 ortam.
1459 2368 1550 2444 Quod
1573 2367 1608 2427 ni

376 2484 523 2545 fallimur
565 2483 619 2543 hic
658 2496 786 2555 quoque
829 2481 985 2543 obtinuit.
1026 2483 1135 2560 Vixit,
1168 2484 1293 2560 opinor,
1326 2484 1360 2543 in
1390 2482 1606 2544 Locrensium

376 2595 504 2672 mythis
533 2597 620 2658 Aiax
649 2595 783 2669 quidam
813 2595 912 2656 heros
935 2599 1091 2658 strenuus
1114 2597 1249 2658 Herculi
1271 2597 1408 2673 similis,
1432 2596 1488 2670 qui
1512 2595 1608 2656 clava

376 2711 429 2772 vel
459 2712 559 2772 hasta
588 2709 775 2770 instructus
805 2724 885 2770 suos
919 2710 1126 2773 defendebat.
1151 2712 1224 2788 Sed,
1250 2714 1288 2772 ut
1310 2710 1472 2772 Hercules
1495 2723 1610 2782 quam·

376 2839 516 2898 cumque
538 2823 579 2885 ob
604 2837 740 2884 causam
759 2823 891 2884 clavam
910 2825 1057 2885 mutavit
1077 2841 1152 2886 cum
1173 2841 1260 2902 arcu,
1282 2825 1330 2886 sic
1349 2824 1442 2885 venit
1459 2826 1607 2897 tempus,

375 2954 439 3014 quo
469 2939 566 3000 heros
596 2937 770 2998 Locrensis
794 2953 811 2998 e
834 2938 995 3000 hastifero
1019 2939 1074 3000 vel
1097 2939 1262 3014 clavigero
1285 2937 1385 2999 fiebat
1409 2937 1609 2998 arcitenens.

376 3052 609 3114 Coniectamus
639 3050 765 3110 iactum
801 3050 834 3110 id
869 3066 958 3128 esse,
993 3067 1059 3126 qua
1092 3054 1204 3113 aetate
1238 3052 1402 3128 Apollinis
1432 3050 1542 3111 cultus
1573 3050 1608 3109 in

374 3165 545 3227 Locridem
576 3165 747 3238 ingressus
778 3164 1000 3238 antiquiorem
1031 3168 1139 3226 terrae
1176 3166 1423 3226 venerationem
1445 3163 1608 3238 paulatim

374 3278 558 3355 repelleret.
590 3277 697 3338 Heros
720 3276 824 3352 enim,
849 3278 905 3350 qui
928 3277 1098 3352 hucusque
1121 3278 1304 3340 habebatur
1326 3279 1506 3353 terrigena,
1528 3279 1611 3336 tunc

376 3391 538 3468 Apollinis
573 3389 729 3451 veniebat
763 3390 825 3452 sub
865 3392 1038 3469 auspiciis,
1074 3391 1175 3455 flebat
1205 3397 1243 3454 ut
1271 3394 1353 3454 deus
1383 3394 1455 3468 ipse
1478 3389 1609 3468 τοξότης.

374 3507 522 3567 Duarum
553 3503 749 3579 religionum
780 3504 844 3565 sibi
875 3506 1105 3580 oppositarum
1135 3507 1358 3583 discrepantia
1382 3506 1532 3582 perfecit,
1570 3506 1608 3565 ut

374 3621 487 3695 heros,
513 3617 568 3692 qui
592 3617 762 3693 hucusque
787 3619 896 3679 fuerat
920 3620 1110 3698 uniformis,
1132 3622 1252 3683 exinde
1270 3623 1398 3684 duabus
1415 3621 1478 3682 sub
1490 3621 1609 3682 formis

375 3734 532 3812 prodiret.
564 3732 725 3808 Quamvis
748 3736 861 3795 autem
885 3733 943 3794 tali
968 3735 1066 3795 modo
1091 3736 1282 3798 exstitisset
1304 3738 1442 3799 heroum
1469 3736 1607 3812 ,duas‘’,

372 3846 552 3926 μονοειδοῦς
583 3847 655 3908 eius
687 3846 823 3920 originis
854 3847 998 3921 vestigia
1028 3848 1210 3908 servabant
1238 3851 1368 3926 poetae,
1400 3849 1449 3910 ita
1476 3849 1511 3908 in
1534 3848 1607 3908 acie

373 3977 430 4023 eos
454 3960 708 4036 coniungentes,
734 3960 770 4020 ut
788 3960 976 4021 arcitenens
996 3960 1135 4022 alterius
1153 3961 1216 4022 sub
1236 3964 1331 4022 scuto
1350 3962 1454 4023 latere
1472 3961 1606 4022 soleret.

372 4074 448 4134 Mox
479 4072 612 4134 colonos
642 4071 845 4146 emigrantes
875 4073 984 4134 secuti
1015 4073 1055 4134 ad
1079 4074 1190 4134 sinum
1215 4077 1378 4135 venerunt
1400 4075 1606 4136 Saronicum.

371 4186 420 4246 Ibi
443 4187 542 4248 heros
565 4186 702 4248 hastiier
724 4185 940 4261 popularibus
964 4187 997 4247 in
1021 4188 1225 4248 carminibus
1244 4187 1349 4263 gloria
1366 4204 1478 4249 rerum
1500 4189 1607 4248 crevit

371 4301 568 4374 patremque
592 4301 731 4376 adeptus
756 4301 807 4360 est
831 4299 982 4360 divinum
1006 4300 1241 4374 Telamonem
1265 4302 1380 4363 eodem
1402 4303 1498 4376 patre
1521 4301 1606 4362 fruo-

372 4411 469 4472 batur
503 4414 613 4474 socius
649 4414 720 4474 eius
752 4411 888 4489 τοξότης,
926 4414 982 4486 qui
1016 4414 1160 4475 fortasse
1195 4431 1215 4475 a
1244 4416 1350 4490 stirpe
1379 4437 1435 4475 rou
1463 4415 1606 4486 (treffsu)

371 4525 541 4600 proprium
565 4526 750 4601 accipiebat
772 4541 913 4587 nomen:
941 4529 1085 4606 Τεῦκρον.

391 4638 477 4714 ΙῚιιιιι
502 4653 579 4700 vero
603 4639 757 4701 homines
779 4640 813 4700 in
836 4640 975 4702 Locride
996 4645 1230 4704 remanserant
1247 4643 1383 4704 heroem
1403 4643 1604 4704 hastiserum

371 4753 508 4834 antiquo
550 4768 611 4818 suo
648 4753 782 4822 nomine
817 4753 927 4814 colere
960 4754 1154 4842 pergebant,
1189 4756 1267 4824 licet
1301 4771 1377 4818 cum
1412 4756 1607 4828 Telamonio
