3525 5692
649 735 691 778 or
715 735 866 783 cssusrs.
1309 721 1369 779 181

147 904 270 980 Μίδης
304 902 455 981 ἀμείλιχος
485 898 532 981 ἠδ’
564 900 736 979 ἀδάμαστος
754 899 776 973 ¹)
805 904 851 964 ibi
883 905 1036 965 audiebat
1060 906 1237 979 Admetum
1261 906 1374 966 Brimo

147 1015 234 1076 forte
258 1013 405 1092 Ἀδμήτου
425 1014 511 1094 Κόρη
526 1009 560 1086 ²).

192 1127 362 1188 Habemus
383 1129 418 1190 in
440 1128 557 1190 nucleo
581 1144 647 1189 non
671 1128 771 1190 modo
790 1127 970 1189 Alcestidis
989 1129 1135 1190 fabulam
1156 1130 1372 1206 euripideum,

145 1241 206 1301 sed
241 1241 273 1301 id
307 1256 434 1315 quoque
464 1241 700 1317 perspicimus,
731 1256 791 1316 par
819 1240 900 1302 illud
930 1243 1081 1318 deorum,
1106 1242 1218 1302 Brimo
1241 1245 1275 1303 et
1298 1243 1375 1304 Mer·

146 1355 292 1430 curium,
320 1357 430 1433 Φεραῐς
452 1351 486 1415 ἐν
508 1353 713 1432 πολυρρήνοις
735 1388 775 1399 -
795 1355 851 1415 ubi
869 1355 1030 1429 regnabat
1048 1370 1107 1417 rex
1125 1350 1273 1432 Ἐὐμηλος
1290 1349 1314 1425 ⁸)
1335 1388 1375 1399 -

145 1468 361 1543 honoratum,
391 1483 509 1529 revera
539 1483 614 1529 esse
639 1466 693 1527 τὸν
718 1467 895 1546 Κριοφόρον
919 1468 995 1529 θεόν
1019 1472 1054 1529 et
1071 1465 1207 1548 ’Ἄρτεμιν
1230 1466 1379 1546 κερασφό-

142 1601 213 1656 ρον,
244 1580 296 1641 vsl
326 1581 437 1656 potius
468 1580 573 1641 Deum
597 1579 810 1655 Cornigerum
835 1586 869 1641 et
892 1580 995 1642 Deam
1019 1579 1215 1659 Cornutum,
1240 1580 1380 1641 numina

143 1694 247 1769 igitur
281 1693 425 1772 Κάρνεια.
461 1695 531 1771 Qua
561 1699 672 1755 autem
706 1695 919 1756 veneratione
942 1696 1082 1755 numina
1104 1695 1162 1756 illa
1184 1693 1379 1754 fruebantur

144 1809 233 1868 inter
254 1811 406 1882 pastores
429 1807 740 1883 Peloponnesiacos,
765 1809 879 1869 eadem
906 1808 939 1868 in
959 1808 1135 1869 Thessalia
1153 1807 1379 1868 afficiebantur

146 1937 168 1981 a
190 1921 359 1982 Pheraeis.

190 2033 275 2094 Gom
306 2049 383 2095 vero
413 2037 571 2109 appareat
600 2034 749 2095 Alcestin
779 2033 820 2093 ab
844 2035 943 2094 heroe
966 2034 1110 2108 quodam
1138 2033 1264 2117 Θανάτῳ
1288 2048 1376 2108 erep-

147 2149 219 2206 tam
250 2149 284 2207 et
314 2146 426 2207 Brimo
456 2162 476 2206 a
501 2135 663 2206 daemone
686 2161 729 2205 ex
752 2145 868 2206 inieris
892 2146 925 2206 in
951 2147 1058 2207 lucem
1083 2146 1253 2207 reductam
1277 2161 1375 2205 unam

148 2260 353 2333 eandemque
383 2275 458 2321 esse
487 2260 599 2335 deam,
633 2274 740 2333 nequo
770 2261 811 2319 ab
837 2260 960 2320 Hecate
984 2261 1166 2336 diversam,
1192 2259 1317 2320 clarum
1342 2257 1378 2318 iit

147 2388 235 2434 nexu
259 2375 416 2434 interiore
436 2373 586 2434 Alcestin
605 2388 681 2433 oum
702 2372 837 2433 carneis
857 2387 932 2433 esse
953 2374 1179 2448 coniunctam,
1201 2372 1380 2433 Alcestidis

147 2486 263 2547 laudes
286 2483 486 2546 corneorum
509 2485 614 2546 luisse
638 2488 768 2560 partem
793 2500 936 2546 sacram.

192 2600 356 2660 Admetus
388 2601 516 2675 autem,
547 2599 603 2672 qui
632 2599 665 2657 in
693 2600 811 2672 mytho
835 2598 1070 2672 antiquissimo
1093 2598 1189 2657 iuxta
1212 2597 1323 2658 Brimo
1348 2600 1381 2656 et

151 2712 349 2774 Mercurium
373 2717 484 2787 partes
503 2710 622 2786 agebat
640 2713 729 2772 haud
749 2712 862 2785 exigui
883 2711 1058 2785 momenti,
1080 2711 1113 2770 in
1133 2709 1269 2771 carneis
1288 2711 1382 2770 exuit

152 2830 224 2888 tam
255 2826 450 2885 daemonem
482 2839 579 2898 quam
612 2841 723 2900 regem
755 2825 929 2897 factusque
960 2826 1013 2884 est
1042 2825 1199 2899 sacerdos,
1230 2820 1381 2900 ὑπηρέτης

152 2949 212 2998 τῶν
242 2944 333 2998 θεῶν.
364 2938 549 2998 Miserrima
575 2937 722 3013 proiecto
745 2952 828 2998 usus
852 2939 904 2997 est
927 2939 1017 2998 sorte
1040 2934 1171 3014 ἄδμητος
1195 2936 1263 3011 ille,
1289 2936 1383 2996 cuius

153 3051 338 3113 divinitatis
368 3067 497 3111 memor
527 3056 643 3127 postea
665 3054 738 3111 erat
760 3066 874 3127 nemo,
899 3051 993 3111 cuius
1015 3050 1194 3126 potestatis
1216 3049 1325 3122 regiae
1349 3045 1381 3107 ἐν

152 3165 323 3241 saporatas
345 3166 445 3226 modo
469 3165 692 3224 meminerant
713 3165 879 3224 homines!

189 3417 209 3479 ¹)
225 3423 301 3468 Hom.
319 3422 331 3467 1
350 3421 406 3469 15⁸.

188 3511 209 3576 ²)
225 3513 338 3571 Hesyoh.
355 3513 372 3560 i.
389 3527 413 3560 v.

187 3602 210 3667 ³)
226 3605 301 3652 Hom.
321 3605 335 3650 δ
353 3606 410 3652 itt.
