3525 5692
747 1144 789 1204 11.

198 1401 386 1464 Demetrius
420 1405 588 1481 Scepsius,
624 1405 762 1467 alterius
800 1421 830 1467 a.
867 1404 901 1466 Ο.
936 1422 968 1470 n.
1003 1404 1127 1466 saeculi
1161 1405 1313 1479 scriptor,
1343 1403 1382 1462 de

151 1515 273 1577 Garnei
291 1517 407 1578 diebus
429 1519 525 1580 iestis
545 1519 684 1580 tradidit
705 1520 786 1580 haec
801 1513 840 1590 ¹):

199 1629 274 1707 ,τὴν
297 1641 357 1692 τῶν
377 1634 535 1711 Καρνείων
553 1632 661 1710 ἑορτὴν
681 1632 763 1711 παρὰ
783 1635 1041 1710 Λακεδαιμονίοις
1060 1634 1177 1711 μίμημα
1197 1625 1276 1692 εἶναι
1295 1646 1381 1709 στρα-

150 1752 288 1822 τιωτικῆς
319 1742 447 1825 ἀγωγῆς.
479 1746 592 1820 τύπους
615 1745 673 1827 γάρ
696 1740 776 1808 εἶναι
795 1745 884 1807 ίννία
906 1743 962 1825 μὲν
985 1758 1024 1832 τῷ
1048 1745 1180 1830 ἀριθμῷ·
1204 1743 1325 1815 σκιάδες
1349 1737 1382 1801 δδ

151 1850 237 1918 οὗτοι
270 1864 449 1937 καλοῦνται,
483 1865 609 1939 σκηναῖς
642 1860 758 1940 ἔχοντες
791 1861 1002 1941 παραπλήσιόν
1036 1878 1072 1921 τι·
1106 1858 1158 1920 καί
1191 1855 1280 1920 ίννία
1309 1849 1378 1916 καθ’

149 1969 278 2033 ἕκαστον
312 1971 420 2053 ἄνδρες
455 1975 628 2053 δειπνοῦσι,
657 1975 757 2036 πάντα
787 1998 817 2037 τε
847 1973 909 2037 άπὸ
940 1974 1166 2056 προστάγματος
1194 1973 1381 2052 κηρύσσεται·

149 2085 209 2164 ἔχει
243 2084 275 2147 δί
309 2086 417 2168 ἑκάστη
452 2089 538 2163 σκιάς
572 2091 720 2170 φρατρίας
750 2096 840 2171 τρεῖς,
870 2088 922 2150 καί
950 2090 1065 2170 γίνεται
1095 2085 1115 2167 ἡ
1139 2097 1200 2149 τῶν
1222 2085 1381 2166 Καρνείων

150 2197 238 2277 ἑορτὴ
262 2198 310 2261 ἐπί
332 2198 445 2280 ἡμέρας
468 2201 565 2264 ἐννέα.

196 2314 332 2391 Iniuria,
359 2318 483 2394 opinor,
508 2319 624 2379 Kaibel
647 2335 731 2394 quae
753 2320 913 2396 praebent
934 2319 1022 2379 MSS.
1047 2317 1149 2379 verba
1171 2312 1231 2375 ἀπὸ
1254 2313 1381 2392 προστά-

149 2451 260 2507 γματος
296 2429 475 2509 κηρύσσεται
507 2434 653 2494 mutavit
686 2435 720 2493 in
754 2431 828 2493 άπὸ
861 2433 1055 2512 κηρύγματος
1088 2430 1259 2509 πράσσεται.
1293 2427 1377 2488 Nam

148 2558 271 2604 sensus
293 2546 345 2605 est
367 2546 435 2605 hic:
459 2547 573 2606 omnia
595 2562 679 2621 quae
702 2547 830 2608 civibus
851 2549 931 2607 sunt
953 2546 1103 2607 iacienda
1125 2543 1197 2605 fieri
1219 2542 1340 2603 debent
1363 2556 1381 2601 e

149 2658 334 2732 praeceptis
365 2659 466 2719 certis
496 2675 588 2720 moro
618 2661 781 2721 maiorum
806 2661 1009 2722 consecratis
1032 2656 1104 2729 (ἀπὸ
1127 2658 1382 2736 προστάγματος);

148 2770 281 2844 singula
303 2775 416 2832 autem
440 2788 524 2846 quae
547 2773 599 2834 his
620 2775 833 2850 praescriptis
856 2774 1078 2849 continentur,
1101 2787 1166 2833 non
1189 2769 1273 2830 flunt
1292 2771 1380 2830 ante·

149 2898 251 2958 quam
281 2884 376 2962 κήροξ
408 2886 461 2947 vel
484 2887 564 2947 tuba
588 2887 640 2949 vel
663 2903 743 2948 voce
766 2888 893 2948 dederit
915 2888 1060 2961 signum.
1085 2884 1280 2947 Gonierondi
1302 2884 1382 2943 sunt

79 3027 85 3034 ·
150 2997 387 3073 Aristophanei
410 3015 546 3061 versus:

395 3110 518 3175 ἀκούετε
540 3116 605 3200 λεῴ·
628 3116 724 3176 κατὰ
747 3115 789 3176 τὰ
812 3116 958 3195 πάτρια
980 3115 1051 3188 τοὺς
1072 3125 1144 3194 γοᾶς

395 3226 496 3288 πίνειν
515 3227 589 3290 ύπδ
613 3230 844 3310 σάλπιγγος,

148 3339 206 3401 ubi
245 3342 449 3403 Scholiasta:
487 3341 636 3419 ,ἐκάλουν
671 3342 704 3403 οί
734 3344 862 3421 κήρυκες
902 3342 1066 3422 σάλπιγγας
1100 3341 1296 3420 βαστάζοντες
1330 3337 1381 3399 καί

151 3451 339 3529 ἐσήμαινον”
356 3450 390 3526 ⁸).

195 3567 285 3643 Quod
319 3573 432 3630 autern
467 3570 514 3632 nil
547 3571 613 3631 nisi
647 3574 742 3647 signo
773 3572 850 3632 dato
880 3572 915 3631 in
945 3569 1080 3631 Carneis
1103 3569 1217 3645 tiebat,
1242 3569 1381 3629 minime

149 3683 227 3742 inde
256 3685 405 3758 sequitur
435 3700 551 3745 verum
576 3701 649 3747 esse
672 3687 704 3746 id
727 3686 814 3761 quod
836 3687 884 3746 ait
906 3685 1108 3760 Demetrius,
1133 3684 1294 3744 militares
1319 3683 1381 3741 hos

146 3796 253 3857 fuisse
283 3797 392 3873 ludos,
419 3799 482 3859 nisi
505 3800 581 3873 quis
606 3803 688 3870 Χοᾶς
711 3808 840 3874 quoque
863 3800 932 3860 tale
955 3799 1032 3873 quid
1056 3799 1160 3859 fuisse
1183 3798 1381 3859 contendere

149 3911 242 3972 velit.
273 3913 310 3972 In
337 3913 546 3973 Doriensium
571 3930 606 3975 re
629 3915 773 3990 publica,
798 3916 827 3974 ei
849 3929 934 3988 quae
956 3914 1022 3975 alia
1044 3914 1140 3973 Marti
1163 3913 1286 3986 dedita,
1313 3911 1382 3972 dies

146 4024 251 4085 etiarn
281 4025 385 4086 festos
416 4027 591 4102 disciplina
614 4027 751 4088 militari
775 4027 878 4088 tuisse
901 4027 1069 4088 ordinatos
1091 4028 1165 4100 quis
1187 4024 1379 4086 mirabitur!

147 4119 261 4211 Neque
295 4139 330 4198 αἱ
361 4140 495 4212 σκιάδες,
532 4142 627 4214 qnasi
658 4141 782 4202 fuerint
811 4142 947 4201 mittam
977 4141 1190 4215 tabernacula,
1223 4138 1382 4215 profesti

146 4255 268 4313 natura
290 4254 429 4314 militari
452 4256 644 4316 testimonio
669 4256 849 4316 afferantur
874 4256 988 4330 velim,
1014 4271 1090 4315 cum
1113 4255 1307 4315 Iudaeorum
1328 4249 1382 4329 τὴν

147 4373 270 4442 σκηνῶν
299 4363 405 4445 ἑορτὴν
436 4382 454 4427 e
481 4369 589 4428 Libris
612 4369 723 4432 Sacris
746 4370 938 4429 noverimus
960 4372 995 4428 et
1017 4368 1186 4428 Romanos
1208 4368 1243 4427 in
1265 4367 1382 4442 Neptu·

181 4695 200 4759 ¹)
217 4700 311 4747 Athon.
329 4700 364 4749 IV
383 4703 453 4749 1410.
470 4703 627 4762 Excerptum
647 4706 688 4748 ont
704 4716 719 4749 o
736 4702 864 4749 Demetrii
881 4711 923 4750 τοῦ
941 4708 1046 4768 Τρωϊκοῦ
1060 4705 1191 4762 διακόσμου
1205 4703 1273 4752 libro
1288 4703 1381 4762 primo.

178 4786 199 4849 ¹)
217 4788 296 4839 Facio
314 4790 397 4850 igitur
414 4807 473 4842 oum
491 4792 580 4842 Widio
596 4794 662 4842 er.
679 4795 745 4841 kult
764 4807 790 4854 p.
809 4796 849 4841 81.
