3525 5692
671 737 713 780 nn
736 735 845 781 araon.
1328 723 1369 783 85

141 910 236 985 bant,
269 909 324 971 uhi
355 909 455 987 Γυραί
483 911 517 969 in
549 910 634 970 mari
665 909 835 984 dispersae
867 900 1061 968 certaminis
1088 908 1375 969 vehementissimi

141 1022 339 1084 videbantur
361 1023 591 1083 monumenta.
1145 1067 1150 1076 ,

181 1128 368 1212 ’Τπλρθομοι
392 1139 552 1196 vocantur
578 1136 611 1196 in
637 1134 785 1208 Odyssea
809 1134 968 1209 Gigantes
992 1139 1022 1212 (η
1046 1135 1109 1212 59),
1136 1136 1247 1209 quiin
1272 1134 1370 1196 'Pheo-

140 1248 240 1321 gonia
264 1261 312 1308 rs.
339 1248 402 1308 186
424 1248 473 1307 ita
496 1246 743 1308 describuntur:

320 1359 432 1437 τεύχεσι
456 1358 661 1437 λαμπόμενοι,
683 1352 772 1437 δολίχ’
800 1356 885 1439 ἔγχεα
910 1356 1010 1438 χερσλν
1033 1357 1156 1438 ἔχοντες.

189 1471 249 1533 Oui
283 1487 349 1535 non
383 1475 461 1534 ante
495 1472 610 1534 oculos
640 1472 749 1547 surgit
778 1473 890 1546 imago
920 1473 1044 1549 herois,
1077 1477 1180 1550 (nam,
1208 1477 1370 1549 utsupra

143 1588 375 1662 exposuimus,
411 1589 549 1662 uterque
583 1585 670 1648 Aiax
705 1587 957 1661 antiquissimae
991 1589 1142 1649 staturae
1179 1591 1213 1649 at
1246 1587 1371 1663 figurae

140 1702 254 1760 servat
278 1701 431 1776 vestigia)
454 1702 509 1775 qui
535 1702 561 1760 O
585 1701 651 1762 676
674 1715 762 1775 sqq:

320 1822 403 1890 νηῶν
425 1808 492 1893 ἴκρι’
519 1811 647 1897 ἐπῴχετο
671 1811 772 1892 μακρὰ
796 1814 969 1893 βιβάσθων,

318 1920 432 2004 ’νώμαε
456 1924 489 1987 δὲ
512 1925 621 2000 ξυστὸν
645 1924 720 2007 μέγα
743 1928 903 2006 ναύμαχον
927 1926 959 1987 ἐν
984 1927 1153 2012 παλάμῃσι,

319 2039 464 2118 κολλητὸν
487 2040 657 2119 βλήτροισι,
679 2039 1006 2120 δοωιιαιλειιιοσίιιηχυ.

315 2147 434 2231 ‘polrus
457 2152 557 2233 μακρὰ
580 2151 685 2234 βιβὰς,
708 2152 797 2231 φωνὴ
821 2151 855 2214 δέ
877 2157 932 2214 λοι
955 2149 1052 2232 αλθέρ’
1078 2153 1163 2215 ἵκανε

320 2264 381 2327 αὶελ
402 2263 435 2327 δὲ
458 2266 610 2347 σμερδνὸν
633 2266 745 2347 ῥοάων.

190 2380 348 2455 Gigantas
370 2379 506 2456 pedihus
531 2397 596 2443 non
617 2384 772 2455 utuntur;
793 2381 915 2441 desinit
935 2395 1053 2456 corpus
1073 2382 1107 2442 in
1126 2395 1280 2455 anguem.
1294 2382 1374 2441 Aias

141 2493 198 2555 iile
222 2495 263 2555 ad
286 2495 412 2555 iontem
432 2498 542 2571 natus,
567 2496 661 2556 cuius
684 2509 768 2555 avus
791 2493 862 2569 ipse
883 2492 989 2554 Orcus
1009 2497 1094 2568 erat,
1120 2495 1152 2555 in
1177 2496 1375 2568 scutogere·

144 2609 201 2668 bat
231 2610 350 2683 anguis
377 2609 572 2685 imaginem,
610 2609 772 2684 quinimo,
805 2607 892 2682 quod
927 2609 1087 2669 maiorem
1124 2608 1227 2668 etiam
1261 2609 1376 2667 movet

142 2722 367 2798 mirationem,
393 2723 593 2797 sequebatur
613 2737 689 2784 eum
708 2721 841 2783 Troiam
860 2719 1123 2796 proficiscentem
1144 2719 1261 2794 anguis
1284 2719 1374 2793 quin·

143 2849 207 2908 que
232 2835 385 2896 ulnarum
410 2835 515 2897 veluti
539 2838 631 2898 canis
655 2838 745 2897 esset
768 2835 937 2905 (Philostr.
962 2833 1039 2895 Her.
1066 2833 1151 2903 706).

190 2949 303 3009 Nonne
327 2949 412 3009 Aiax
435 2950 574 3011 fulmine
597 2951 753 3011 incensus
773 2948 966 3024 Typhoeum
987 2949 1020 3008 in
1046 2950 1192 3009 mentem
1218 2947 1375 3008 revocat?
1426 2963 1451 2994 ν

143 3062 257 3135 Neque
276 3077 337 3123 nos
356 3062 441 3138 fugit
460 3067 603 3125 matrem
624 3064 696 3125 eius
716 3062 875 3138 appellari
895 3059 1088 3123 Periboeam
1109 3061 1217 3132 (Paus.
1231 3061 1256 3135 I,
1270 3060 1323 3135 42,
1339 3061 1373 3133 2;
1436 3113 1446 3122 ,

144 3174 522 3253 [Apollod.]111,12,o),
547 3171 738 3238 Periboeam
763 3183 877 3236 autem
901 3176 935 3235 in
959 3174 1107 3248 Odyssea
1130 3174 1242 3234 vocari
1269 3171 1371 3232 tiliam

144 3288 320 3349 minimam
346 3291 427 3349 natu

634 3402 834 3482 μεγαλήτορος
860 3399 1096 3478 Εὐρυμέδοντος

324 3515 357 3587 ὅς
379 3512 449 3575 ποθ’
475 3514 680 3595 ὑπερθύμοισι
703 3515 899 3595 Γιγάντεσσιν
922 3513 1062 3592 βασίλευε
1097 3517 1126 3590 (η
1151 3515 1214 3583 57).

192 3632 214 3690 A
252 3631 359 3689 matre
390 3632 477 3690 certe
504 3629 701 3704 Gigantibus
731 3629 838 3689 affluis
870 3631 941 3688 erat
973 3628 1069 3688 heros
1096 3628 1219 3688 noster.
1244 3627 1374 3685 Meroua

146 3746 227 3804 haec
261 3744 373 3803 omnia
402 3742 561 3803 debentur
593 3743 698 3822 casui,
730 3757 771 3802 an
796 3742 944 3802 indicant
965 3740 1019 3802 ubi
1046 3740 1158 3801 Aiacis
1183 3755 1261 3799 vera
1284 3739 1374 3812 origo

146 3856 333 3930 quaerenda
362 3857 431 3916 sit?
465 3854 528 3916 Sed
559 3855 625 3916 alia
656 3857 757 3916 etiam
789 3857 926 3916 exstant
948 3855 1059 3916 herois
1083 3855 1220 3915 naturae
1244 3851 1374 3912 indicia.

147 3970 345 4032 Observavit
380 3971 516 4030 Servius
547 3970 587 4029 ad
612 3969 694 4029 Aen.
720 3970 821 4029 141:
856 3983 956 4050 „sane
986 3969 1040 4030 hio
1071 3968 1157 4028 Aiax
1181 3966 1264 4028 Oilei
1287 3965 1376 4026 iilius
1411 3995 1420 4018 ι

146 4099 166 4143 a
191 4082 306 4142 multis
336 4082 503 4142 historicis
525 4083 652 4156 graecis
675 4082 812 4143 tertiam
843 4096 984 4142 manum
1009 4081 1129 4143 dicitur
1152 4083 1227 4155 post
1246 4083 1377 4154 tergum

145 4194 319 4265 habuisse,
354 4196 440 4268 quod
470 4195 544 4256 ideo
567 4195 688 4256 dicitur
711 4196 851 4271 iactum,
878 4197 957 4269 quia
979 4196 1027 4256 sic
1050 4195 1201 4256 celeriter
1224 4193 1380 4258 utebatur.

145 4310 179 4367 in
204 4309 327 4383 proelio
352 4310 522 4384 manibus,
548 4312 585 4369 ut
608 4310 744 4369 tertiam
768 4309 890 4370 habers
913 4309 1121 4384 putaretur.”

194 4421 274 4481 Tres
304 4423 403 4482 hasce
433 4437 554 4483 manue
583 4423 624 4484 ad
649 4426 838 4484 monstrum
862 4423 1026 4496 quoddam
1050 4422 1211 4496 tricorpor
1230 4422 1379 4495 spectare
1423 4465 1433 4490 ,

145 4536 288 4596 coniecit
311 4535 448 4596 Usener.
481 4537 605 4598 Similis
636 4537 737 4611 igitur
761 4537 847 4596 Aiax
871 4539 923 4596 eet
948 4535 1091 4610 Geryoni
1116 4534 1167 4594 vel
1191 4534 1266 4594 aliis
1289 4548 1379 4594 mon·

145 4650 243 4726 stris,
281 4665 363 4723 quae
399 4651 526 4724 antiqui
558 4649 707 4725 pluribus
738 4651 893 4709 manibus
916 4650 1082 4710 instructa
1106 4648 1166 4708 sibi
1198 4645 1379 4720 finxerunt,

143 4765 226 4838 puta
248 4762 540 4824 Hecatonchaires.
567 4763 619 4824 Sic
640 4767 752 4824 mente
770 4765 970 4824 revertimur
990 4764 1029 4823 ad
1050 4762 1218 4838 Triopem,
1234 4759 1379 4834 Oxylum
