3525 5692
548 718 589 761 11
612 715 830 761 1161116116
853 715 1048 761 1111166111.
1344 702 1409 762 215

184 907 272 953 nunc
301 891 414 953 haberi
444 889 727 966 asseverantibus,
759 887 885 948 multos
908 888 1057 964 mythos,
1082 888 1139 961 qui
1161 887 1296 962 tragicis
1319 886 1409 947 iabu-

182 1005 291 1066 larum
315 1006 493 1066 materiam
516 1001 738 1079 praebuerint,
764 1016 806 1062 ex
829 1016 895 1062 uno
918 1001 971 1061 vel
995 1001 1120 1060 duobus
1143 1000 1278 1062 Homeri
1302 1000 1413 1062 verbis

184 1119 272 1180 male
295 1118 469 1194 explicatis
486 1118 589 1178 fuisse
608 1118 700 1178 ortos
724 1110 756 1186 ¹).
777 1116 924 1176 Fuerunt
941 1114 1136 1176 saneiortes
1148 1114 1410 1189 antehgamem·

185 1246 319 1308 nonem,
343 1232 400 1306 qui
424 1235 536 1293 vatem
556 1246 655 1291 suum
676 1230 887 1304 invenerunt,
908 1229 985 1290 licet
1003 1229 1169 1290 Homerus
1188 1228 1227 1289 de
1246 1227 1287 1288 iis
1299 1228 1411 1303 sileat,

185 1347 244 1408 sed
266 1346 400 1407 fuerunt
426 1361 477 1406 rea
506 1339 628 1419 1166166
657 1343 698 1407 ab
726 1343 869 1404 tremitur
899 1345 1013 1419 166166,
1045 1357 1127 1417 quas
1157 1343 1324 1403 Homerus
1348 1357 1412 1402 non
1483 1373 1485 1378 ·

183 1461 303 1536 tangit.
338 1460 391 1521 Sic
421 1476 439 1521 e
469 1458 604 1535 fabulis,
636 1473 719 1531 quae
748 1457 788 1517 de
819 1455 999 1540 noiorpdrp
1032 1455 1128 1516 Ulixe
1158 1456 1192 1515 in
1222 1454 1333 1532 populi
1359 1470 1414 1516 ore

184 1574 339 1650 vigebant
361 1575 395 1636 et
418 1573 589 1648 vivebant,
606 1575 734 1647 portem
753 1570 900 1645 aliquam
919 1570 953 1631 11
974 1570 1122 1644 Odyssea
1141 1583 1202 1629 sua
1222 1569 1338 1644 optimi
1357 1569 1415 1630 sed

181 1703 247 1750 non
269 1688 358 1747 unici
378 1688 497 1762 poetae
519 1685 708 1775 posteritati
729 1683 945 1765 tradiderunt.

227 1801 372 1862 llandem
408 1800 584 1861 materiem
618 1798 796 1874 Sophocles
831 1797 991 1859 tractavit
1021 1798 1055 1858 in
1077 1796 1247 1871 tragoedia
1269 1796 1409 1874 Niptris,

183 1915 267 1989 quod
310 1929 432 1974 nomen
473 1913 552 1973 11661
587 1911 694 1972 semel
726 1913 860 1972 tantum
897 1911 982 1987 apud
1017 1910 1152 1971 Suidam
1187 1912 1220 1970 et
1254 1909 1410 1971 Photium

181 2028 373 2104 reperiatur,
406 2042 481 2087 cum
511 2025 590 2087 alibi
620 2025 791 2100 tragoedia
813 2025 928 2086 audiat
952 2021 1112 2095 Ὀδυσσεὺς
1135 2019 1334 2101 exardenti}
1357 2025 1411 2086 vel

182 2143 221 2202 ’0.
256 2139 453 2220 τραυματίας,
493 2140 592 2215 vulgo
634 2137 821 2201 defenditur
858 2138 1023 2200 Ciceronis
1058 2137 1255 2199 auctoritate
1290 2137 1409 2214 allata,

183 2259 239 2331 qui
269 2257 364 2319 Tusa.
395 2256 428 2316 Π
453 2256 496 2316 48
521 2256 630 2331 16661,
655 2255 839 2316 Pacuvium
862 2255 1059 2331 Sophoclem
1083 2254 1254 2315 imitatum
1279 2252 1409 2313 666611

182 2371 351 2447 tragoedia
385 2369 516 2445 Niptris.
541 2369 785 2443 Argumentum
809 2369 871 2430 hoc
895 2372 964 2430 est:
1018 2433 1020 2436 Α

227 2486 345 2547 Ulixes
379 2499 515 2560 prorsus
549 2484 698 2544 incertus
731 2484 771 2544 de
806 2499 908 2545 sensu
944 2484 1088 2545 Tiresiae
1120 2484 1294 2546 verborum
1330 2483 1410 2544 adiit

184 2599 354 2661 oraculum
385 2597 597 2659 Dodonaeum
629 2599 819 2673 rogaturus,
845 2597 1002 2671 quaniam
1025 2597 1059 2656 in
1082 2598 1216 2670 regione
1239 2598 1409 2658 hominem

182 2728 294 2775 rerum
317 2711 562 2772 maritimarum
587 2712 740 2786 ignarum
763 2712 915 2772 invenire
938 2713 1060 2788 166661.
1086 2711 1191 2771 Simul
1214 2726 1408 2787 responsum

183 2827 276 2902 tulit,
313 2827 351 2886 ut
384 2840 404 2886 a
438 2823 504 2886 lilio
539 2826 671 2885 caveret
699 2828 854 2890 mortem.
887 2826 1032 2887 Homine
1061 2825 1118 2886 illo
1143 2825 1231 2886 haud
1255 2825 1351 2886 dubie
1375 2826 1408 2884 in

183 2940 292 3016 Epiro,
323 2940 463 3000 fortasse
486 2938 528 2999 ad
550 2941 699 3000 montem
725 2940 856 3018 Oetam,
883 2941 1020 3002 invento
1043 2939 1160 3000 Ulixes
1182 2941 1252 3000 suis
1275 2939 1409 3014 ignotus

183 3054 334 3115 ithacam
364 3052 553 3128 revertitur,
584 3053 642 3113 sed
666 3055 859 3128 agnoscitur
881 3054 922 3114 ab
946 3055 1119 3131 Euryclea,
1144 3055 1237 3114 utin
1261 3054 1410 3129 Odyssea

183 3171 234 3228 661
269 3167 483 3242 descriptum.
517 3164 639 3228 Eodem
673 3170 784 3228 autam
817 3169 869 3229 die
899 3168 1084 3243 Telegonus
1110 3168 1236 3228 missus
1259 3183 1278 3228 a
1301 3170 1409 3228 matre

183 3285 221 3342 ut
242 3282 427 3356 genitorem
451 3283 624 3355 quaereret
643 3283 845 3357 tempestate
864 3283 898 3341 in
918 3282 1069 3342 Ithacam
1090 3283 1140 3342 est
1159 3281 1288 3343 delatus
1301 3282 1409 3355 ibique

182 3411 279 3470 agros
308 3395 458 3470 populari
488 3395 606 3470 coepit.
638 3393 788 3456 Clamore
818 3399 890 3456 orto
921 3396 1038 3456 Ulixes
1065 3411 1140 3456 cum
1164 3397 1292 3456 advena
1315 3411 1410 3456 arma

151 3476 155 3496 ¹
183 3507 321 3584 confert,
346 3523 411 3581 qua
433 3509 466 3569 in
490 3523 601 3584 pugna
623 3509 771 3584 graviter
795 3508 901 3570 atilio
921 3510 1024 3570 inscio
1044 3511 1255 3584 vulneratur;
1275 3511 1409 3571 saucius

183 3621 299 3682 deinde
333 3621 470 3683 domum
505 3623 688 3683 translatus
721 3623 868 3698 increpat
904 3623 1071 3684 oraculum
1107 3622 1336 3698 Dodonaeum;
1372 3639 1408 3684 se

184 3735 273 3795 enim
302 3751 433 3812 semper
463 3740 605 3797 mortem
636 3753 656 3797 a
689 3736 877 3798 Telemachi
907 3753 1007 3798 manu
1039 3740 1289 3814 exspectantem
1320 3737 1411 3798 radio

183 3851 345 3910 venenato
376 3865 396 3910 a
416 3850 588 3924 peregrino
617 3851 783 3926 11161611
807 3866 843 3911 se
867 3852 1014 3912 coniecto
1037 3851 1156 3911 laetale
1180 3851 1301 3911 vulnus
1324 3866 1414 3911 acce·

181 3962 288 4037 pisse;
320 3977 421 4036 quare
452 3978 551 4024 nemo
581 3965 652 4023 tam
679 3963 724 4023 sit
747 3964 892 4041 ineptus,
918 3967 954 4024 ut
977 3964 1098 4025 divinis
1121 3964 1289 4040 responsis
1312 3962 1411 4025 iidem

183 4237 215 4288 alr
227 4234 317 4281 Ῥόδον.
333 4236 425 4297 ἀποβὰς
442 4237 468 4282 ei
484 4244 524 4294 τῆς
541 4237 596 4288 νοώς
614 4235 657 4282 οὐν
674 4243 721 4288 τοῖς
739 4238 810 4298 ἥρωσι
828 4239 889 4283 κατά
908 4253 960 4283 τινα
977 4244 1017 4296 τῆς
1031 4241 1103 4296 νήσου
1117 4240 1190 4284 τόπον
1205 4239 1291 4300 1ρημον
1306 4240 1416 4296 ἠλαύνετο

183 4325 298 4372 cadesa
321 4329 450 4388 βουκόλων,
472 4329 558 4390 λῃστὰς
580 4327 746 4391 reportantem
769 4329 912 4375 δοκούντων·
934 4330 972 4375 nel
990 4328 1022 4388 μὴ
1040 4329 1174 4388 δυνομίνων
1191 4331 1292 4376 ἀκοῦσαι
1308 4330 1416 4388 λέγοντος

182 4420 256 4464 αὐτοῦ
275 4418 317 4477 τὴν
334 4421 449 4477 ἀλήθειαν
466 4420 506 4466 διὰ
522 4419 564 4479 τὴν
581 4419 684 4483 κραυγὴν
701 4428 747 4466 τῶν
761 4429 847 4474 κυνῶν,
864 4422 924 4466 dard
940 4423 1074 4483 βαλλόντων
1089 4423 1207 4477 niualem,
1226 4426 1415 4486 παραγινόμενος

180 4510 336 4569 Ἀλθαιμὸνης
357 4513 483 4566 ἀκοντίσας
505 4512 640 4559 &uiarum
662 4515 754 4571 ἀγνοῶν
776 4513 897 4576 Κατρὸα”.
914 4514 982 4561 Eoos
1000 4527 1109 4573 prorsus
1126 4515 1195 4561 idem
1214 4520 1410 4574 argumentum:

180 4602 330 4660 Telegonus
347 4616 453 4662 quoque
470 4605 588 4652 Ithacam
606 4606 716 4652 veniens
732 4618 780 4665 pro
797 4607 930 4664 praedone
947 4607 1070 4655 habetur.

214 4689 234 4754 ¹)
252 4694 281 4740 11.
299 4707 324 4752 g.
342 4695 442 4742 bellum
460 4697 662 4744 Teuthrantium
680 4709 732 4743 non
750 4700 837 4744 ortum
856 4702 897 4745 est
914 4713 929 4745 6
946 4697 1034 4749 verbis
1055 4703 1125 4750 πάλιν
1142 4699 1312 4763 πλαγχθέντας
1329 4697 1356 4744 Α
1374 4700 1413 4751 59.

180 4784 219 4832 De
238 4798 291 4847 qua
308 4799 336 4833 16
355 4783 407 4834 rid.
425 4786 566 4838 Thraemer
584 4788 728 4851 Pergamos
745 4802 771 4852 p.
790 4789 847 4838 leo.
