3525 5692
723 713 766 756 on
790 711 901 758 emon.
1404 689 1421 748 7

197 883 374 943 materiam
409 883 621 956 conquisivit.
656 884 779 945 Hausit
812 884 914 960 igitur
948 899 990 946 ex
1024 883 1183 958 Homero,
1219 896 1238 942 e
1272 875 1426 954 cyclicis.

196 993 353 1056 Fortasse
376 1011 441 1056 non
464 997 575 1072 inepte
594 999 774 1059 conieceris
792 997 1020 1059 narrationem
1040 997 1080 1056 de
1098 995 1198 1056 Aiace
1210 1007 1286 1054 eum
1301 991 1426 1067 petisse

197 1123 215 1168 e
249 1108 432 1183 Panyassis
469 1109 645 1188 Heraclea,
682 1110 749 1187 rel,
785 1111 871 1185 quod
905 1126 982 1172 cum
1016 1109 1181 1171 seriorum
1216 1104 1426 1166 saeculorum

197 1221 346 1282 moribus
376 1223 498 1284 melius
528 1225 705 1285 convenire
737 1225 877 1301 videtur,
909 1239 953 1284 ex
982 1221 1149 1298 excerptis
1178 1217 1360 1294 Panyassis
1389 1217 1423 1276 in

197 1335 378 1397 enchiridio
400 1336 627 1413 mythologico
650 1339 841 1400 asservatis.

240 1448 325 1509 Nam
360 1451 473 1511 exstat
506 1451 571 1512 alia
604 1467 731 1526 quoque
761 1466 873 1528 causa,
899 1466 957 1512 cur
980 1450 1020 1511 de
1043 1447 1206 1523 Panyassi
1228 1444 1423 1519 cogitemus.

194 1564 340 1625 Eandem
360 1566 450 1625 enim
470 1565 600 1628 tabulae
619 1567 776 1644 formam,
796 1582 897 1641 quam
917 1565 1016 1626 babet
1027 1539 1263 1638 Philostratus,
1276 1558 1425 1632 sequitur

196 1677 367 1751 Lycopbro
398 1679 433 1737 in
456 1679 646 1741 Alexandra
669 1685 730 1751 (vs.
760 1682 851 1758 459),
875 1680 932 1742 ubi
955 1678 1115 1740 Hercules
1137 1678 1250 1738 Iovem
1275 1673 1426 1750 precibus

196 1790 414 1867 compellans,
447 1790 629 1866 Oomyrum
659 1808 736 1854 eum
768 1794 930 1854 nominat.
963 1792 1111 1870 Κώμορος
1142 1794 1255 1851 autem
1279 1787 1426 1863 Iuppiter

196 1902 352 1964 audiebat
382 1903 622 1982 Halicarnassi‚
647 1907 828 1981 Panyassis
851 1907 885 1966 in
909 1906 1025 1982 patria.
1048 1905 1160 1978 Neque
1178 1904 1302 1964 mirum
1325 1901 1423 1975 Lyco·

192 2017 354 2091 phronsm
395 2033 565 2094 nunquam
607 2035 672 2081 non
715 2020 884 2082 doctrinae
923 2019 1112 2081 reconditae
1151 2015 1423 2079 amantissimum

193 2129 349 2192 tabellam
381 2132 567 2209 vulgarem,
597 2134 731 2210 qualem
755 2135 950 2211 praeberent
972 2133 1189 2210 posteriores,
1213 2128 1424 2206 praeteriisse

196 2247 295 2320 atque
335 2260 352 2305 e
387 2245 569 2320 Panyassis
603 2249 714 2323 potius
748 2247 898 2322 reliquiis
931 2249 1047 2323 utpote
1079 2248 1195 2322 poetae
1229 2241 1427 2316 antiquioris

197 2357 396 2434 sapientiam
420 2373 517 2420 suam
540 2359 705 2422 hausisse.

230 2911 299 2978 lli.
322 2911 375 2980 Ile
397 2911 517 2980 Aiacis
540 2909 700 3001 α’τρωσίᾳ
725 2912 818 2998 apud
839 2915 1032 2982 Homerum
1058 2915 1094 2980 et
1116 2911 1209 2997 apud
1231 2909 1401 2994 tragicos.

241 3150 288 3212 De
322 3153 424 3215 Aiace
457 3154 691 3217 invulnerabili
725 3157 813 3218 facto
846 3157 894 3216 nil
928 3156 1028 3217 babet
1061 3156 1237 3216 Homerus.
1270 3150 1423 3228 Quinimo

199 3262 223 3327 Ξ
240 3266 306 3326 406
325 3266 365 3327 de
383 3268 463 3329 loris
480 3269 628 3343 equibus
640 3271 825 3346 pendebant
837 3274 970 3333 scutum
982 3273 1016 3332 et
1028 3270 1157 3346 gladius
1168 3268 1312 3343 legimus
1323 3265 1421 3324 haec:

420 3382 460 3442 τώ
482 3384 536 3442 ἔοι
557 3382 734 3462 ε’ρυσοὶοθην
758 3383 897 3463 τέρενα
919 3385 1002 3463 χρόα.

244 3494 411 3557 scholium
432 3497 477 3558 ibi
495 3497 656 3561 affirmat:
684 3497 812 3578 ,τρωτὸς
836 3495 868 3559 δὲ
892 3496 908 3558 ὁ
931 3498 1009 3570 Αἴας
1033 3496 1159 3557 ὄλοντο
1183 3505 1283 3574 σῶμα,
1304 3492 1359 3573 οὐχ
1382 3490 1422 3565 ὡς

200 3607 348 3688 Αἰσχύλος
375 3608 411 3669 τὰ
435 3609 502 3690 περὶ
523 3609 579 3688 τὴν
601 3613 788 3692 μοσχάλην”.

242 3723 292 3784 Ad
327 3727 362 3784 Ψ
393 3726 457 3790 821
494 3741 571 3788 vero
601 3729 797 3789 annotatur:
832 3723 982 3805 ,ἄτρωτος
1011 3716 1051 3803 ἦν
1081 3721 1161 3802 πλὴν
1184 3732 1238 3783 τοῦ
1261 3720 1422 3802 αοχὲνος”.

199 3835 369 3912 Sapientia
398 3842 511 3901 autem
542 3841 595 3901 est
625 3856 668 3901 ex
697 3841 769 3916 ipso
799 3841 946 3901 carmine
969 3853 1142 3915 perperam
1166 3837 1320 3914 deducta,
1344 3850 1422 3897 nam

198 3949 238 4009 de
261 3949 416 4013 Diomede
438 3953 484 4013 ibi
506 3953 644 4015 dicitur:

421 4062 487 4126 αἰὲν
509 4060 553 4127 ἐπ’
579 4061 678 4147 αὐχέν’
704 4065 790 4146 inope
813 4075 944 4144 φαεινοῦ
968 4066 1078 4147 δουρὸς
1100 4063 1219 4150 ἀκωκῇ,

197 4179 292 4270 quasi
315 4183 416 4243 sciret
436 4185 535 4245 beros
555 4184 617 4244 boc
636 4199 702 4244 uno
722 4183 793 4244 loco
813 4184 951 4244 Aiacem
974 4183 1060 4243 laedi
1083 4197 1192 4258 posse.
1217 4180 1280 4241 Sed
1303 4178 1425 4239 iniuria
1514 4214 1516 4217 -

197 4296 378 4359 scholiasta
399 4299 543 4360 Homero
567 4299 629 4360 boc
646 4299 800 4374 imputat.
822 4297 927 4359 Versu
947 4299 1036 4360 enim
1057 4299 1121 4360 805
1142 4289 1288 4358 Achilles
1308 4295 1425 4355 heroes

161 4428 164 4434 ·
199 4411 373 4473 hastarum
397 4412 437 4473 ad
461 4415 627 4475 certamen
651 4427 835 4498 provocans
858 4412 907 4472 illi
929 4413 1114 4488 praemium
1137 4409 1304 4488 promittit

421 4521 587 4605 ὁππότερός
611 4547 643 4585 κε
667 4523 758 4608 φθήῃ
780 4521 960 4604 ὀρεξάμενος
983 4524 1056 4605 χρόα
1079 4523 1184 4602 καλόν,

197 4641 270 4700 tum
293 4639 470 4701 Diomedes
494 4655 569 4701 cum
593 4640 692 4700 Aiace
719 4638 886 4714 singulare
908 4641 942 4700 in
965 4641 1149 4702 certamine
1171 4639 1333 4700 dimicans

420 4748 486 4812 αἰὲν
510 4747 552 4812 ἐπ’
580 4745 678 4831 αὐχέν’
703 4748 791 4831 inope
815 4761 946 4829 φαεινοῦ
970 4751 1080 4832 δουρὸς
1102 4750 1220 4840 ἀκωκῇ,
