3525 5692
670 729 712 772 nn
735 729 845 772 Arsen.
1307 717 1369 775 131

190 902 337 979 Quodsi
357 891 431 974 quis
453 900 547 961 nobis
571 899 673 960 obicit
694 900 777 960 haee
798 901 912 962 omnia
935 901 974 962 ob
1003 901 1119 962 Iliadis
1142 903 1372 977 perantiquam

145 1013 264 1095 γένεσιν
294 1014 351 1074 vix
381 1029 460 1074 vera
487 1028 561 1074 esse
591 1029 705 1090 posse,
730 1030 748 1074 e
771 1016 887 1074 nostra
909 1015 999 1074 enim
1023 1015 1191 1076 sententia
1213 1017 1371 1079 deducen·

145 1131 226 1190 dum
257 1143 331 1190 esse
360 1129 476 1188 Iliadis
502 1127 664 1201 originem
688 1127 799 1189 deberi
821 1129 929 1203 poetis
952 1130 1032 1190 noni
1054 1130 1108 1190 vel
1130 1130 1242 1191 octavi
1263 1146 1373 1192 saecu·

144 1243 269 1318 lorum,
304 1242 545 1317 respondemus
579 1239 675 1301 nobis
708 1241 798 1301 haud
828 1242 944 1317 inepta
977 1242 1081 1303 videri
1119 1259 1201 1318 quae
1235 1245 1373 1319 protulit

145 1356 351 1417 Herodotus:
385 1350 534 1432 ,Ὅμηρον
560 1349 683 1431 ἡλικίην
711 1354 925 1432 τετρακοσίοισι
950 1353 1024 1415 ἔτεσι
1047 1352 1142 1416 δοκέω
1165 1377 1221 1433 μευ
1244 1359 1374 1436 πρεσβύ-

144 1491 232 1548 τερον
261 1466 405 1548 γενέσθαι
434 1465 483 1528 καὶ
515 1466 553 1528 od
583 1464 691 1527 πλέοσῖ
716 1469 759 1539 (Π
790 1471 855 1538 53),
885 1469 967 1530 Tam
997 1470 1077 1531 Ilias
1100 1485 1201 1545 quam
1225 1471 1374 1545 Odyssea

144 1585 234 1644 iusto
258 1583 424 1656 antiquior
447 1582 559 1642 haberi
582 1581 678 1643 solet.

188 1696 308 1757 Restat
336 1698 450 1757 autem
472 1695 623 1769 quaestio
648 1710 713 1755 non
737 1694 950 1770 neglegenda.
974 1696 1137 1758 Veremur
1160 1700 1249 1759 enim
1271 1702 1309 1760 ut
1333 1733 1373 1744 -

144 1811 231 1884 quod
261 1810 410 1887 perhibet
440 1809 570 1884 Gruppe
596 1841 640 1852 -
663 1823 683 1868 a
707 1808 807 1869 verbo
830 1807 993 1886 ἱλάσκομαι
1016 1810 1188 1885 „placare”
1213 1813 1376 1888 Apollinis

144 1940 330 1999 cognomen
360 1924 475 1984 deduci
501 1923 617 1998 possit.
643 1922 724 1998 Quid
748 1922 852 1998 enim,
876 1925 914 1983 ut
938 1923 1015 1984 hino
1038 1924 1250 2002 incipiamus,
1275 1926 1373 2001 signi·

143 2037 223 2099 ilcat
241 2036 392 2113 ,Apollo
422 2037 479 2110 qul
508 2037 666 2127 plaeat”?
697 2036 854 2097 Placatur
883 2038 977 2113 deus,
1002 2053 1069 2098 non
1092 2038 1213 2114 placat.
1235 2040 1376 2102 Perieoti

144 2168 225 2214 vero
249 2152 351 2213 activi
374 2153 512 2212 exstant
533 2151 660 2211 formae
682 2165 786 2210 sensu
811 2149 1012 2225 ,propitium
1036 2153 1144 2213 esse”.
1168 2153 1233 2215 Hie
1256 2155 1376 2216 saltem

143 2281 266 2327 sensus
294 2264 329 2325 in
359 2266 457 2325 deum
488 2264 637 2338 quadrat.
669 2262 806 2339 „Apollo
838 2263 893 2336 qui
922 2263 1084 2339 propitius
1111 2269 1177 2342 est,
1202 2268 1258 2340 qui
1280 2283 1376 2343 opem

143 2381 224 2456 fert,
260 2379 323 2440 sub
357 2379 453 2440 euius
482 2377 589 2438 tutela
612 2393 673 2438 arx
696 2377 791 2437 salva
813 2377 981 2438 videtur.”
1004 2376 1135 2438 Dixeris
1158 2379 1287 2440 nullum
1310 2381 1378 2442 iere

144 2508 326 2569 cognomen
357 2491 467 2566 aptius
495 2507 569 2552 esse
598 2506 697 2566 posse
727 2491 871 2566 numini,
903 2491 955 2551 eui
986 2489 1065 2551 urbs
1088 2492 1198 2566 aliqua
1221 2495 1379 2556 mandata

142 2607 200 2672 sit.
234 2606 377 2682 Revera,
411 2606 490 2666 dum
524 2606 595 2666 fata
628 2605 794 2681 sinebant,
831 2605 948 2680 Apollo
979 2605 1095 2667 Troiae
1129 2607 1311 2682 propitium
1341 2624 1378 2669 se

145 2722 324 2798 praestitit.
348 2720 429 2797 Quid
461 2738 538 2783 vero
568 2722 608 2783 de
638 2721 730 2782 urbis
758 2721 894 2781 nomine
924 2722 1137 2781 statuamus?
1168 2719 1380 2796 significatus

146 2835 228 2910 ,Illa
272 2837 325 2897 eui
369 2836 451 2896 deus
496 2835 687 2912 opitulatur,
732 2851 817 2910 quae
862 2835 1049 2912 servatur'’,
1092 2850 1134 2895 an
1178 2835 1256 2910 ,illa
1297 2852 1379 2910 quae

145 2965 244 3011 saera
271 2953 323 3011 est
346 2951 405 3011 deo
428 2950 485 3024 qui
507 2944 573 3011 κατ’
599 2946 705 3026 λξοχήν
728 2965 824 3025 opem
847 2949 926 3030 fert,
950 2951 1077 3025 servat,
1102 2949 1214 3010 salvat
1236 2951 1289 3020 (oi.
1313 2952 1380 3012 San

154 3041 367 3134 sarv'aoorpa

193 3178 256 3239 Sed
297 3179 483 3239 cavendum
525 3194 566 3239 ne
600 3178 823 3252 grammatica
856 3179 927 3238 arte
962 3179 1115 3252 neglecta
1147 3178 1381 3268 indulgeamus

147 3292 293 3366 ingenio.
335 3291 421 3352 Nam
461 3289 563 3350 ilino
597 3307 674 3352 oum
708 3291 808 3352 verbo
846 3289 930 3368 ἴλημι
965 3291 1140 3353 cohaerere
1174 3307 1240 3353 non
1273 3295 1383 3368 potest

150 3405 217 3465 nisi
258 3406 387 3465 constet
427 3406 490 3467 hoo
531 3405 668 3466 verbum
709 3404 885 3465 admisisse
926 3404 1105 3478 digamma.
1141 3403 1383 3467 concludamus

150 3534 229 3594 ergo
257 3520 322 3580 hoo
355 3517 553 3594 opuseulum
587 3517 832 3594 disquisitione,
864 3532 948 3591 quae
979 3520 1086 3578 artem
1116 3519 1246 3594 spectat
1275 3534 1382 3593 gram-

151 3633 324 3695 matioam.

198 3747 281 3823 Quid
303 3747 399 3808 docet
421 3762 539 3808 versus
562 3747 703 3821 epious?

197 3860 343 3922 Verbum
366 3859 526 3937 ἱλάσκομαι
546 3861 739 3921 constanter
760 3859 931 3934 digamma
954 3861 1091 3936 respuit.
1110 3861 1257 3923 Exstant
1275 3865 1386 3925 autem

153 3991 273 4038 versus
306 3975 391 4051 epici
421 3974 455 4036 in
487 3975 607 4048 quibus
637 3974 777 4034 verbum
808 3972 906 4051 ἴλημι,
939 3988 1005 4038 non
1036 3976 1108 4038 diuo
1139 3977 1302 4054 admittit,
1328 3979 1385 4038 sed

154 4091 261 4168 poscit
282 4091 315 4150 l.
340 4090 503 4150 Mittimus
526 4105 644 4150 versus
666 4089 790 4163 Hymn.
815 4089 939 4165 XXIII,
964 4091 984 4149 4
1009 4091 1043 4150 et
1064 4091 1095 4168 I,
1118 4092 1168 4168 17,
1191 4092 1246 4165 qui
1266 4107 1286 4151 a
1304 4107 1386 4152 voee

153 4198 237 4281 ἵληθ’
258 4203 436 4278 incipiunt.
461 4203 567 4264 Versu
590 4205 704 4264 autem
728 4224 751 4278 φ
776 4204 857 4264 365:

291 4314 440 4376 Ἁπόλλων
461 4313 467 4394 Ι
485 4307 560 4393 ἧμιν
578 4310 612 4374 θ’
627 4315 748 4400 ἱλήκῃσι
770 4313 821 4376 καὶ
845 4313 996 4376 ἀθάνατοι
1018 4313 1088 4376 θεοὶ
1110 4313 1195 4377 ἄλλοι

154 4431 285 4493 oodIees
308 4431 495 4508 complures
517 4435 542 4489 θ
565 4431 736 4492 omittunt.
760 4431 890 4492 Revera
913 4431 1073 4492 vocabulo
1096 4452 1126 4491 τε
1149 4431 1194 4492 ibi
1217 4447 1300 4507 opus
1322 4447 1387 4493 non

156 4549 210 4607 est
233 4559 340 4622 neque
363 4547 439 4620 post
460 4533 535 4622 ἥμιν
557 4543 704 4619 posItum
728 4545 847 4620 plaeet.

200 4660 325 4734 Hymn.
349 4658 514 4734 Apollinis
538 4674 588 4720 vs.
616 4660 678 4720 165
703 4659 831 4719 editur:

380 4765 439 4831 ἀλλ’
467 4766 557 4852 ἄγεθ’
584 4772 684 4850 ἱλήκοι
706 4768 761 4848 μὲν
786 4771 936 4832 Ἀπόλλων
960 4767 1107 4851 Ἀρτέμιδι
1129 4772 1186 4844 ξύν
