<?xml version="1.0" encoding="UTF-8"?>
<!DOCTYPE html PUBLIC "-//W3C//DTD XHTML 1.0 Transitional//EN"
    "http://www.w3.org/TR/xhtml1/DTD/xhtml1-transitional.dtd">
<html xmlns="http://www.w3.org/1999/xhtml" xml:lang="en" lang="en">
 <head>
  <title>
</title>
<meta http-equiv="Content-Type" content="text/html;charset=utf-8" />
  <meta name='ocr-system' content='tesseract 3.04.00' />
  <meta name='ocr-capabilities' content='ocr_page ocr_carea ocr_par ocr_line ocrx_word'/>
</head>
<body>
  <div class='ocr_page' id='page_1' title='image "./deajacisorigine00vgoog_0196.png"; bbox 0 0 3525 5692; ppageno 0'>
   <div class='ocr_carea' id='block_1_1' title="bbox 354 699 1214 761">
    <p class='ocr_par' dir='ltr' id='par_1_1' title="bbox 354 699 1214 761">
     <span class='ocr_line' id='line_1_1' title="bbox 354 699 1214 761; baseline 0.005 -4"><span class='ocrx_word' id='word_1_1' title='bbox 354 699 417 757; x_wconf 76' lang='lat'><strong>186</strong></span> <span class='ocrx_word' id='word_1_2' title='bbox 715 713 757 756; x_wconf 83' lang='lat' dir='ltr'><strong>os</strong></span> <span class='ocrx_word' id='word_1_3' title='bbox 779 711 997 758; x_wconf 73' lang='lat' dir='ltr'><strong>anamnesis</strong></span> <span class='ocrx_word' id='word_1_4' title='bbox 1019 712 1214 761; x_wconf 75' lang='lat' dir='ltr'><strong>rnnssonrn.</strong></span> 
     </span>
    </p>
   </div>
   <div class='ocr_carea' id='block_1_2' title="bbox 347 881 1608 4364">
    <p class='ocr_par' dir='ltr' id='par_1_2' title="bbox 348 881 1578 1621">
     <span class='ocr_line' id='line_1_2' title="bbox 351 881 1578 960; baseline 0.002 -17"><span class='ocrx_word' id='word_1_5' title='bbox 351 886 384 943; x_wconf 92' lang='lat' dir='ltr'><strong>et</strong></span> <span class='ocrx_word' id='word_1_6' title='bbox 418 883 636 959; x_wconf 75' lang='lat' dir='ltr'><strong>Agamedem,</strong></span> <span class='ocrx_word' id='word_1_7' title='bbox 670 883 749 956; x_wconf 64' lang='lat' dir='ltr'><strong>lilios</strong></span> <span class='ocrx_word' id='word_1_8' title='bbox 777 881 893 957; x_wconf 67' lang='lat' dir='ltr'><strong>moini</strong></span> <span class='ocrx_word' id='word_1_9' title='bbox 921 882 1004 957; x_wconf 79' lang='lat' dir='ltr'><strong>repis</strong></span> <span class='ocrx_word' id='word_1_10' title='bbox 1034 881 1343 960; x_wconf 91' lang='lat' dir='ltr'><strong>Orchomeniorum,</strong></span> <span class='ocrx_word' id='word_1_11' title='bbox 1376 885 1578 946; x_wconf 80' lang='lat' dir='ltr'><strong>architectos</strong></span> 
     </span>
     <span class='ocr_line' id='line_1_3' title="bbox 350 994 1577 1072; baseline 0.002 -16"><span class='ocrx_word' id='word_1_12' title='bbox 350 995 582 1057; x_wconf 89' lang='lat' dir='ltr'><strong>celeberrimos</strong></span> <span class='ocrx_word' id='word_1_13' title='bbox 610 996 681 1071; x_wconf 78' lang='lat' dir='ltr'><strong>regi</strong></span> <span class='ocrx_word' id='word_1_14' title='bbox 713 996 820 1056; x_wconf 85' lang='lat' dir='ltr'><strong>vicino</strong></span> <span class='ocrx_word' id='word_1_15' title='bbox 843 995 967 1070; x_wconf 85' lang='lat' dir='ltr'><strong>Hyrieo</strong></span> <span class='ocrx_word' id='word_1_16' title='bbox 990 994 1188 1056; x_wconf 89' lang='lat' dir='ltr'><strong>thesaurum</strong></span> <span class='ocrx_word' id='word_1_17' title='bbox 1212 995 1417 1072; x_wconf 84' lang='lat' dir='ltr'><strong>aedificasse,</strong></span> <span class='ocrx_word' id='word_1_18' title='bbox 1443 1001 1476 1058; x_wconf 87' lang='lat' dir='ltr'><strong>et</strong></span> <span class='ocrx_word' id='word_1_19' title='bbox 1499 1013 1577 1058; x_wconf 91' lang='lat' dir='ltr'><strong>eum</strong></span> 
     </span>
     <span class='ocr_line' id='line_1_4' title="bbox 350 1108 1578 1185; baseline 0.002 -17"><span class='ocrx_word' id='word_1_20' title='bbox 350 1109 566 1168; x_wconf 81' lang='lat' dir='ltr'><strong>eodemmodo</strong></span> <span class='ocrx_word' id='word_1_21' title='bbox 595 1122 670 1169; x_wconf 91' lang='lat' dir='ltr'><strong>esse</strong></span> <span class='ocrx_word' id='word_1_22' title='bbox 699 1108 930 1183; x_wconf 89' lang='lat' dir='ltr'><strong>depeculatos;</strong></span> <span class='ocrx_word' id='word_1_23' title='bbox 961 1109 1096 1169; x_wconf 84' lang='lat' dir='ltr'><strong>tandem</strong></span> <span class='ocrx_word' id='word_1_24' title='bbox 1122 1109 1327 1184; x_wconf 83' lang='lat' dir='ltr'><strong>Agamedem</strong></span> <span class='ocrx_word' id='word_1_25' title='bbox 1350 1109 1501 1185; x_wconf 88' lang='lat' dir='ltr'><strong>decipula</strong></span> <span class='ocrx_word' id='word_1_26' title='bbox 1523 1111 1578 1170; x_wconf 91' lang='lat' dir='ltr'><strong>vel</strong></span> 
     </span>
     <span class='ocr_line' id='line_1_5' title="bbox 349 1218 1577 1300; baseline 0.002 -19"><span class='ocrx_word' id='word_1_27' title='bbox 349 1221 414 1281; x_wconf 75' lang='lat' dir='ltr'><strong>ullu</strong></span> <span class='ocrx_word' id='word_1_28' title='bbox 443 1222 585 1295; x_wconf 64' lang='lat' dir='ltr'><strong>wadum</strong></span> <span class='ocrx_word' id='word_1_29' title='bbox 609 1221 756 1282; x_wconf 77' lang='lat' dir='ltr'><strong>machino</strong></span> <span class='ocrx_word' id='word_1_30' title='bbox 780 1220 889 1300; x_wconf 70' lang='grc' dir='ltr'><strong><em>(πάγας</em></strong></span> <span class='ocrx_word' id='word_1_31' title='bbox 912 1218 932 1298; x_wconf 78' lang='grc' dir='ltr'><strong>ἤ</strong></span> <span class='ocrx_word' id='word_1_32' title='bbox 954 1243 982 1280; x_wconf 83' lang='grc' dir='ltr'><strong>τι</strong></span> <span class='ocrx_word' id='word_1_33' title='bbox 1004 1218 1054 1280; x_wconf 83' lang='grc' dir='ltr'><strong>καλ</strong></span> <span class='ocrx_word' id='word_1_34' title='bbox 1077 1218 1161 1291; x_wconf 78' lang='grc' dir='ltr'><strong><em>ἄλλο)</em></strong></span> <span class='ocrx_word' id='word_1_35' title='bbox 1185 1224 1320 1297; x_wconf 92' lang='lat' dir='ltr'><strong>captum</strong></span> <span class='ocrx_word' id='word_1_36' title='bbox 1344 1237 1435 1296; x_wconf 91' lang='lat' dir='ltr'><strong>esse;</strong></span> <span class='ocrx_word' id='word_1_37' title='bbox 1458 1223 1577 1284; x_wconf 87' lang='lat' dir='ltr'><strong>deinde</strong></span> 
     </span>
     <span class='ocr_line' id='line_1_6' title="bbox 348 1334 1576 1412; baseline 0.003 -20"><span class='ocrx_word' id='word_1_38' title='bbox 348 1334 572 1409; x_wconf 84' lang='lat' dir='ltr'><strong>Trophonium</strong></span> <span class='ocrx_word' id='word_1_39' title='bbox 596 1335 730 1409; x_wconf 81' lang='lat' dir='ltr'><strong>proprio</strong></span> <span class='ocrx_word' id='word_1_40' title='bbox 759 1337 847 1394; x_wconf 73' lang='grc' dir='ltr'><strong><em>ποοσκ</em></strong></span> <span class='ocrx_word' id='word_1_41' title='bbox 869 1334 962 1394; x_wconf 83' lang='lat' dir='ltr'><strong>tratri</strong></span> <span class='ocrx_word' id='word_1_42' title='bbox 986 1337 1085 1409; x_wconf 88' lang='lat' dir='ltr'><strong>caput</strong></span> <span class='ocrx_word' id='word_1_43' title='bbox 1107 1335 1321 1412; x_wconf 81' lang='lat' dir='ltr'>praecidisse,</span> <span class='ocrx_word' id='word_1_44' title='bbox 1345 1351 1386 1396; x_wconf 92' lang='lat' dir='ltr'><strong>ne</strong></span> <span class='ocrx_word' id='word_1_45' title='bbox 1410 1335 1464 1396; x_wconf 94' lang='lat' dir='ltr'><strong>hic</strong></span> <span class='ocrx_word' id='word_1_46' title='bbox 1486 1337 1576 1411; x_wconf 84' lang='lat' dir='ltr'><strong>igno·</strong></span> 
     </span>
     <span class='ocr_line' id='line_1_7' title="bbox 349 1446 1576 1527; baseline 0.004 -20"><span class='ocrx_word' id='word_1_47' title='bbox 349 1447 454 1507; x_wconf 91' lang='lat' dir='ltr'><strong>minia</strong></span> <span class='ocrx_word' id='word_1_48' title='bbox 482 1446 665 1507; x_wconf 86' lang='lat' dir='ltr'><strong>afficeretur</strong></span> <span class='ocrx_word' id='word_1_49' title='bbox 693 1448 763 1522; x_wconf 94' lang='lat' dir='ltr'><strong>ipse</strong></span> <span class='ocrx_word' id='word_1_50' title='bbox 787 1462 865 1507; x_wconf 90' lang='lat' dir='ltr'><strong>vero</strong></span> <span class='ocrx_word' id='word_1_51' title='bbox 889 1447 1041 1508; x_wconf 89' lang='lat' dir='ltr'><strong>conscius</strong></span> <span class='ocrx_word' id='word_1_52' title='bbox 1064 1450 1253 1523; x_wconf 88' lang='lat' dir='ltr'><strong>appareret;</strong></span> <span class='ocrx_word' id='word_1_53' title='bbox 1277 1463 1342 1522; x_wconf 91' lang='lat' dir='ltr'><strong>quo</strong></span> <span class='ocrx_word' id='word_1_54' title='bbox 1364 1448 1452 1509; x_wconf 85' lang='lat' dir='ltr'><strong>iacto</strong></span> <span class='ocrx_word' id='word_1_55' title='bbox 1475 1466 1576 1527; x_wconf 87' lang='lat' dir='ltr'><strong>prope</strong></span> 
     </span>
     <span class='ocr_line' id='line_1_8' title="bbox 348 1559 1202 1621; baseline 0.001 -1"><span class='ocrx_word' id='word_1_56' title='bbox 348 1559 533 1620; x_wconf 88' lang='lat' dir='ltr'><strong>Lebadeam</strong></span> <span class='ocrx_word' id='word_1_57' title='bbox 556 1562 645 1621; x_wconf 89' lang='lat' dir='ltr'><strong>terra</strong></span> <span class='ocrx_word' id='word_1_58' title='bbox 666 1561 772 1621; x_wconf 90' lang='lat' dir='ltr'><strong>scissa</strong></span> <span class='ocrx_word' id='word_1_59' title='bbox 795 1560 991 1621; x_wconf 89' lang='lat' dir='ltr'><strong>devoratum</strong></span> <span class='ocrx_word' id='word_1_60' title='bbox 1016 1575 1093 1621; x_wconf 90' lang='lat' dir='ltr'><strong>eum</strong></span> <span class='ocrx_word' id='word_1_61' title='bbox 1116 1575 1202 1621; x_wconf 89' lang='lat' dir='ltr'><strong>esse.</strong></span> 
     </span>
    </p>

    <p class='ocr_par' dir='ltr' id='par_1_3' title="bbox 347 1672 1576 3218">
     <span class='ocr_line' id='line_1_9' title="bbox 393 1672 1576 1748; baseline 0.003 -16"><span class='ocrx_word' id='word_1_62' title='bbox 393 1674 542 1734; x_wconf 90' lang='lat' dir='ltr'><strong>Tertium</strong></span> <span class='ocrx_word' id='word_1_63' title='bbox 572 1673 727 1748; x_wconf 85' lang='lat' dir='ltr'><strong>mythum</strong></span> <span class='ocrx_word' id='word_1_64' title='bbox 757 1673 967 1733; x_wconf 90' lang='lat' dir='ltr'><strong>subsimilem</strong></span> <span class='ocrx_word' id='word_1_65' title='bbox 997 1673 1135 1734; x_wconf 80' lang='lat' dir='ltr'><strong>tradidit</strong></span> <span class='ocrx_word' id='word_1_66' title='bbox 1164 1672 1295 1734; x_wconf 80' lang='lat' dir='ltr'>Charax</span> <span class='ocrx_word' id='word_1_67' title='bbox 1324 1677 1479 1737; x_wconf 81' lang='lat' dir='ltr'><strong>sacerdos</strong></span> <span class='ocrx_word' id='word_1_68' title='bbox 1502 1677 1576 1738; x_wconf 89' lang='lat' dir='ltr'><strong>Per·</strong></span> 
     </span>
     <span class='ocr_line' id='line_1_10' title="bbox 347 1786 1574 1864; baseline 0.002 -17"><span class='ocrx_word' id='word_1_69' title='bbox 347 1802 523 1862; x_wconf 83' lang='lat' dir='ltr'><strong>gamenus,</strong></span> <span class='ocrx_word' id='word_1_70' title='bbox 558 1786 714 1860; x_wconf 87' lang='lat' dir='ltr'><strong>quinon</strong></span> <span class='ocrx_word' id='word_1_71' title='bbox 744 1786 851 1847; x_wconf 90' lang='lat' dir='ltr'><strong>multo</strong></span> <span class='ocrx_word' id='word_1_72' title='bbox 881 1789 959 1847; x_wconf 91' lang='lat' dir='ltr'><strong>ante</strong></span> <span class='ocrx_word' id='word_1_73' title='bbox 989 1787 1190 1847; x_wconf 84' lang='lat' dir='ltr'><strong>Pausaniam</strong></span> <span class='ocrx_word' id='word_1_74' title='bbox 1219 1789 1276 1849; x_wconf 91' lang='lat' dir='ltr'><strong>sed</strong></span> <span class='ocrx_word' id='word_1_75' title='bbox 1306 1791 1382 1864; x_wconf 88' lang='lat' dir='ltr'><strong>post</strong></span> <span class='ocrx_word' id='word_1_76' title='bbox 1410 1789 1574 1851; x_wconf 87' lang='lat' dir='ltr'><strong>Neronem</strong></span> 
     </span>
     <span class='ocr_line' id='line_1_11' title="bbox 349 1899 1574 1978; baseline 0.003 -19"><span class='ocrx_word' id='word_1_77' title='bbox 349 1901 443 1960; x_wconf 85' lang='lat' dir='ltr'><strong>vixit.</strong></span> <span class='ocrx_word' id='word_1_78' title='bbox 474 1899 660 1959; x_wconf 79' lang='lat' dir='ltr'><strong>Traduntur</strong></span> <span class='ocrx_word' id='word_1_79' title='bbox 691 1899 779 1959; x_wconf 91' lang='lat' dir='ltr'><strong>enirn</strong></span> <span class='ocrx_word' id='word_1_80' title='bbox 810 1899 844 1959; x_wconf 94' lang='lat' dir='ltr'><strong>in</strong></span> <span class='ocrx_word' id='word_1_81' title='bbox 875 1899 983 1961; x_wconf 82' lang='lat' dir='ltr'><strong>Schol.</strong></span> <span class='ocrx_word' id='word_1_82' title='bbox 1011 1899 1052 1960; x_wconf 92' lang='lat' dir='ltr'><strong>ad</strong></span> <span class='ocrx_word' id='word_1_83' title='bbox 1075 1899 1158 1962; x_wconf 88' lang='lat' dir='ltr'><strong>Nub.</strong></span> <span class='ocrx_word' id='word_1_84' title='bbox 1182 1915 1232 1962; x_wconf 89' lang='lat' dir='ltr'><strong>vs.</strong></span> <span class='ocrx_word' id='word_1_85' title='bbox 1257 1902 1321 1962; x_wconf 79' lang='grc'><strong>508</strong></span> <span class='ocrx_word' id='word_1_86' title='bbox 1345 1901 1443 1964; x_wconf 86' lang='lat' dir='ltr'><strong>haec:</strong></span> <span class='ocrx_word' id='word_1_87' title='bbox 1469 1904 1574 1978; x_wconf 85' lang='lat' dir='ltr'><strong>,Aga-</strong></span> 
     </span>
     <span class='ocr_line' id='line_1_12' title="bbox 347 2009 1576 2087; baseline 0.001 -14"><span class='ocrx_word' id='word_1_88' title='bbox 347 2014 461 2073; x_wconf 87' lang='lat' dir='ltr'><strong>medes</strong></span> <span class='ocrx_word' id='word_1_89' title='bbox 491 2011 609 2072; x_wconf 75' lang='lat' dir='ltr'><strong>arcton</strong></span> <span class='ocrx_word' id='word_1_90' title='bbox 641 2009 818 2087; x_wconf 75' lang='lat' dir='ltr'><strong>Stymphali</strong></span> <span class='ocrx_word' id='word_1_91' title='bbox 845 2012 1007 2072; x_wconf 83' lang='lat' dir='ltr'><strong>Arcadiae</strong></span> <span class='ocrx_word' id='word_1_92' title='bbox 1034 2013 1183 2072; x_wconf 84' lang='lat' dir='ltr'><strong>urbisin</strong></span> <span class='ocrx_word' id='word_1_93' title='bbox 1206 2013 1462 2075; x_wconf 88' lang='lat' dir='ltr'><strong>matrimonium</strong></span> <span class='ocrx_word' id='word_1_94' title='bbox 1484 2013 1576 2076; x_wconf 89' lang='lat' dir='ltr'><strong>ducit</strong></span> 
     </span>
     <span class='ocr_line' id='line_1_13' title="bbox 348 2122 1574 2201; baseline 0.001 -16"><span class='ocrx_word' id='word_1_95' title='bbox 348 2126 535 2201; x_wconf 83' lang='lat' dir='ltr'><strong>llpieasten,</strong></span> <span class='ocrx_word' id='word_1_96' title='bbox 568 2125 621 2185; x_wconf 87' lang='lat' dir='ltr'><strong>cui</strong></span> <span class='ocrx_word' id='word_1_97' title='bbox 652 2122 741 2185; x_wconf 87' lang='lat' dir='ltr'><strong>filius</strong></span> <span class='ocrx_word' id='word_1_98' title='bbox 771 2123 888 2196; x_wconf 79' lang='grc' dir='ltr'><strong><em>σκότιος</em></strong></span> <span class='ocrx_word' id='word_1_99' title='bbox 920 2126 992 2185; x_wconf 91' lang='lat' dir='ltr'><strong>erat</strong></span> <span class='ocrx_word' id='word_1_100' title='bbox 1020 2125 1237 2200; x_wconf 79' lang='lat' dir='ltr'><strong>Trophonius.</strong></span> <span class='ocrx_word' id='word_1_101' title='bbox 1268 2125 1332 2187; x_wconf 89' lang='lat' dir='ltr'><strong>Hic</strong></span> <span class='ocrx_word' id='word_1_102' title='bbox 1358 2142 1434 2187; x_wconf 87' lang='lat' dir='ltr'><strong>cum</strong></span> <span class='ocrx_word' id='word_1_103' title='bbox 1458 2127 1574 2186; x_wconf 90' lang='lat' dir='ltr'><strong>vitrico</strong></span> 
     </span>
     <span class='ocr_line' id='line_1_14' title="bbox 348 2235 1574 2315; baseline 0.001 -16"><span class='ocrx_word' id='word_1_104' title='bbox 348 2239 545 2299; x_wconf 88' lang='lat' dir='ltr'><strong>thesaurum</strong></span> <span class='ocrx_word' id='word_1_105' title='bbox 576 2235 727 2298; x_wconf 87' lang='lat' dir='ltr'><strong>aedificat</strong></span> <span class='ocrx_word' id='word_1_106' title='bbox 756 2237 826 2312; x_wconf 78' lang='lat' dir='ltr'><strong>regi</strong></span> <span class='ocrx_word' id='word_1_107' title='bbox 855 2237 959 2298; x_wconf 80' lang='lat' dir='ltr'><strong>Thura</strong></span> <span class='ocrx_word' id='word_1_108' title='bbox 989 2237 1128 2315; x_wconf 77' lang='lat' dir='ltr'><strong>Augias,</strong></span> <span class='ocrx_word' id='word_1_109' title='bbox 1152 2253 1250 2312; x_wconf 87' lang='lat' dir='ltr'><strong>quern</strong></span> <span class='ocrx_word' id='word_1_110' title='bbox 1274 2238 1390 2299; x_wconf 89' lang='lat' dir='ltr'><strong>deinde</strong></span> <span class='ocrx_word' id='word_1_111' title='bbox 1414 2255 1452 2300; x_wconf 95' lang='lat' dir='ltr'><strong>eo</strong></span> <span class='ocrx_word' id='word_1_112' title='bbox 1475 2254 1574 2313; x_wconf 88' lang='lat' dir='ltr'><strong>quem</strong></span> 
     </span>
     <span class='ocr_line' id='line_1_15' title="bbox 349 2349 1576 2427; baseline 0 -15"><span class='ocrx_word' id='word_1_113' title='bbox 349 2350 538 2412; x_wconf 83' lang='lat' dir='ltr'><strong>audivimus</strong></span> <span class='ocrx_word' id='word_1_114' title='bbox 562 2349 635 2410; x_wconf 93' lang='lat' dir='ltr'><strong>dolo</strong></span> <span class='ocrx_word' id='word_1_115' title='bbox 652 2350 704 2409; x_wconf 90' lang='lat' dir='ltr'><strong>usi</strong></span> <span class='ocrx_word' id='word_1_116' title='bbox 716 2349 915 2427; x_wconf 87' lang='lat' dir='ltr'><strong>despoliant,</strong></span> <span class='ocrx_word' id='word_1_117' title='bbox 929 2351 1051 2411; x_wconf 88' lang='lat' dir='ltr'><strong>comite</strong></span> <span class='ocrx_word' id='word_1_118' title='bbox 1062 2350 1210 2411; x_wconf 92' lang='lat' dir='ltr'><strong>adhibito</strong></span> <span class='ocrx_word' id='word_1_119' title='bbox 1222 2349 1389 2425; x_wconf 80' lang='lat' dir='ltr'><strong>Cercyona</strong></span> <span class='ocrx_word' id='word_1_120' title='bbox 1401 2352 1523 2412; x_wconf 89' lang='lat' dir='ltr'><strong>iuvene</strong></span> <span class='ocrx_word' id='word_1_121' title='bbox 1533 2367 1576 2412; x_wconf 83' lang='lat' dir='ltr'><strong>ex</strong></span> 
     </span>
     <span class='ocr_line' id='line_1_16' title="bbox 349 2463 1574 2542; baseline 0.002 -20"><span class='ocrx_word' id='word_1_122' title='bbox 349 2463 519 2539; x_wconf 81' lang='lat' dir='ltr'><strong>Epicastes</strong></span> <span class='ocrx_word' id='word_1_123' title='bbox 549 2465 583 2522; x_wconf 93' lang='lat' dir='ltr'><strong>et</strong></span> <span class='ocrx_word' id='word_1_124' title='bbox 606 2463 786 2536; x_wconf 80' lang='lat' dir='ltr'><strong>Agamedls</strong></span> <span class='ocrx_word' id='word_1_125' title='bbox 808 2463 908 2524; x_wconf 89' lang='lat' dir='ltr'><strong>iustis</strong></span> <span class='ocrx_word' id='word_1_126' title='bbox 928 2463 1054 2538; x_wconf 88' lang='lat' dir='ltr'><strong>nuptiis</strong></span> <span class='ocrx_word' id='word_1_127' title='bbox 1076 2466 1165 2526; x_wconf 91' lang='lat' dir='ltr'><strong>nato.</strong></span> <span class='ocrx_word' id='word_1_128' title='bbox 1190 2463 1253 2523; x_wconf 82' lang='lat' dir='ltr'><strong>Sed</strong></span> <span class='ocrx_word' id='word_1_129' title='bbox 1275 2463 1412 2524; x_wconf 89' lang='lat' dir='ltr'><strong>Daedali</strong></span> <span class='ocrx_word' id='word_1_130' title='bbox 1434 2464 1574 2542; x_wconf 88' lang='lat' dir='ltr'><strong>auxilio,</strong></span> 
     </span>
     <span class='ocr_line' id='line_1_17' title="bbox 350 2575 1576 2652; baseline 0.002 -17"><span class='ocrx_word' id='word_1_131' title='bbox 350 2577 405 2650; x_wconf 88' lang='lat' dir='ltr'><strong>qui</strong></span> <span class='ocrx_word' id='word_1_132' title='bbox 441 2575 528 2635; x_wconf 82' lang='lat' dir='ltr'><strong>forte</strong></span> <span class='ocrx_word' id='word_1_133' title='bbox 566 2575 607 2635; x_wconf 88' lang='lat' dir='ltr'><strong>ad</strong></span> <span class='ocrx_word' id='word_1_134' title='bbox 641 2576 782 2650; x_wconf 77' lang='lat' dir='ltr'><strong>Augiam</strong></span> <span class='ocrx_word' id='word_1_135' title='bbox 816 2577 1018 2652; x_wconf 86' lang='lat' dir='ltr'><strong>deverterat,</strong></span> <span class='ocrx_word' id='word_1_136' title='bbox 1054 2575 1254 2650; x_wconf 90' lang='lat' dir='ltr'><strong>illaqueatus</strong></span> <span class='ocrx_word' id='word_1_137' title='bbox 1287 2578 1339 2637; x_wconf 93' lang='lat' dir='ltr'><strong>est</strong></span> <span class='ocrx_word' id='word_1_138' title='bbox 1372 2577 1576 2651; x_wconf 77' lang='lat' dir='ltr'><strong>Agamedes3</strong></span> 
     </span>
     <span class='ocr_line' id='line_1_18' title="bbox 350 2688 1573 2765; baseline 0.001 -18"><span class='ocrx_word' id='word_1_139' title='bbox 350 2688 555 2763; x_wconf 88' lang='lat' dir='ltr'><strong>Trophonius</strong></span> <span class='ocrx_word' id='word_1_140' title='bbox 578 2693 691 2749; x_wconf 89' lang='lat' dir='ltr'><strong>autern</strong></span> <span class='ocrx_word' id='word_1_141' title='bbox 714 2692 844 2750; x_wconf 91' lang='lat' dir='ltr'><strong>mortuo</strong></span> <span class='ocrx_word' id='word_1_142' title='bbox 868 2692 967 2764; x_wconf 90' lang='lat' dir='ltr'><strong>caput</strong></span> <span class='ocrx_word' id='word_1_143' title='bbox 990 2689 1137 2750; x_wconf 88' lang='lat' dir='ltr'><strong>desecuit</strong></span> <span class='ocrx_word' id='word_1_144' title='bbox 1156 2691 1190 2750; x_wconf 88' lang='lat' dir='ltr'><strong>et</strong></span> <span class='ocrx_word' id='word_1_145' title='bbox 1207 2705 1283 2750; x_wconf 85' lang='lat' dir='ltr'><strong>cum</strong></span> <span class='ocrx_word' id='word_1_146' title='bbox 1303 2688 1468 2764; x_wconf 84' lang='lat' dir='ltr'><strong>Cercyone</strong></span> <span class='ocrx_word' id='word_1_147' title='bbox 1487 2690 1573 2765; x_wconf 76' lang='lat' dir='ltr'><strong>fugit</strong></span> 
     </span>
     <span class='ocr_line' id='line_1_19' title="bbox 350 2803 1574 2878; baseline 0 -14"><span class='ocrx_word' id='word_1_148' title='bbox 350 2804 605 2864; x_wconf 90' lang='lat' dir='ltr'><strong>Orchomenum.</strong></span> <span class='ocrx_word' id='word_1_149' title='bbox 629 2803 715 2878; x_wconf 80' lang='lat' dir='ltr'><strong>Quos</strong></span> <span class='ocrx_word' id='word_1_150' title='bbox 738 2818 814 2864; x_wconf 89' lang='lat' dir='ltr'><strong>curn</strong></span> <span class='ocrx_word' id='word_1_151' title='bbox 838 2804 963 2878; x_wconf 82' lang='lat' dir='ltr'><strong>Augias</strong></span> <span class='ocrx_word' id='word_1_152' title='bbox 984 2803 1128 2864; x_wconf 88' lang='lat' dir='ltr'><strong>Daedalo</strong></span> <span class='ocrx_word' id='word_1_153' title='bbox 1147 2805 1302 2864; x_wconf 91' lang='lat' dir='ltr'><strong>monente</strong></span> <span class='ocrx_word' id='word_1_154' title='bbox 1322 2806 1574 2877; x_wconf 84' lang='lat' dir='ltr'><strong>persequeretur</strong></span> 
     </span>
     <span class='ocr_line' id='line_1_20' title="bbox 349 2914 1571 2995; baseline 0.001 -19"><span class='ocrx_word' id='word_1_155' title='bbox 349 2915 424 2995; x_wconf 83' lang='grc' dir='ltr'><strong><em>πρὸς</em></strong></span> <span class='ocrx_word' id='word_1_156' title='bbox 455 2915 510 2993; x_wconf 80' lang='grc' dir='ltr'><strong>την</strong></span> <span class='ocrx_word' id='word_1_157' title='bbox 539 2925 599 2976; x_wconf 77' lang='grc' dir='ltr'><strong>τῶν</strong></span> <span class='ocrx_word' id='word_1_158' title='bbox 630 2916 765 2993; x_wconf 78' lang='grc' dir='ltr'><strong><em>αἱμάτων</em></strong></span> <span class='ocrx_word' id='word_1_159' title='bbox 787 2914 922 2994; x_wconf 76' lang='grc' dir='ltr'><strong><em>ἔκλυσιν,</em></strong></span> <span class='ocrx_word' id='word_1_160' title='bbox 945 2915 1090 2991; x_wconf 82' lang='lat' dir='ltr'><strong>cercyon</strong></span> <span class='ocrx_word' id='word_1_161' title='bbox 1114 2917 1264 2978; x_wconf 87' lang='lat' dir='ltr'><strong>Athenas</strong></span> <span class='ocrx_word' id='word_1_162' title='bbox 1286 2917 1407 2992; x_wconf 89' lang='lat' dir='ltr'><strong>evasit,</strong></span> <span class='ocrx_word' id='word_1_163' title='bbox 1432 2916 1571 2992; x_wconf 91' lang='lat' dir='ltr'><strong>Tropho-</strong></span> 
     </span>
     <span class='ocr_line' id='line_1_21' title="bbox 348 3029 1572 3107; baseline 0.002 -18"><span class='ocrx_word' id='word_1_164' title='bbox 348 3030 424 3090; x_wconf 92' lang='lat' dir='ltr'><strong>nius</strong></span> <span class='ocrx_word' id='word_1_165' title='bbox 453 3029 652 3107; x_wconf 86' lang='lat' dir='ltr'><strong>Lehadeam,</strong></span> <span class='ocrx_word' id='word_1_166' title='bbox 683 3029 739 3090; x_wconf 91' lang='lat' dir='ltr'><strong>ubi</strong></span> <span class='ocrx_word' id='word_1_167' title='bbox 769 3031 803 3089; x_wconf 92' lang='lat' dir='ltr'><strong>in</strong></span> <span class='ocrx_word' id='word_1_168' title='bbox 825 3029 983 3104; x_wconf 90' lang='lat' dir='ltr'><strong>spelunca</strong></span> <span class='ocrx_word' id='word_1_169' title='bbox 1005 3044 1107 3103; x_wconf 90' lang='lat' dir='ltr'><strong>usque</strong></span> <span class='ocrx_word' id='word_1_170' title='bbox 1131 3030 1171 3090; x_wconf 85' lang='lat' dir='ltr'><strong>ad</strong></span> <span class='ocrx_word' id='word_1_171' title='bbox 1194 3032 1337 3091; x_wconf 89' lang='lat' dir='ltr'><strong>mortem</strong></span> <span class='ocrx_word' id='word_1_172' title='bbox 1361 3029 1464 3103; x_wconf 89' lang='lat' dir='ltr'><strong>vixit;</strong></span> <span class='ocrx_word' id='word_1_173' title='bbox 1489 3045 1572 3091; x_wconf 68' lang='lat' dir='ltr'><strong>m0r÷</strong></span> 
     </span>
     <span class='ocr_line' id='line_1_22' title="bbox 347 3143 824 3218; baseline -0.01 -9"><span class='ocrx_word' id='word_1_174' title='bbox 347 3151 427 3208; x_wconf 94' lang='lat' dir='ltr'><strong>tuus</strong></span> <span class='ocrx_word' id='word_1_175' title='bbox 451 3144 546 3218; x_wconf 88' lang='lat' dir='ltr'><strong>quasi</strong></span> <span class='ocrx_word' id='word_1_176' title='bbox 568 3144 649 3204; x_wconf 92' lang='lat' dir='ltr'><strong>deus</strong></span> <span class='ocrx_word' id='word_1_177' title='bbox 673 3143 824 3205; x_wconf 87' lang='lat' dir='ltr'><strong>colitur.”</strong></span> 
     </span>
    </p>

    <p class='ocr_par' dir='ltr' id='par_1_4' title="bbox 348 3255 1608 3794">
     <span class='ocr_line' id='line_1_23' title="bbox 394 3255 1572 3339; baseline 0.002 -20"><span class='ocrx_word' id='word_1_178' title='bbox 394 3260 475 3335; x_wconf 78' lang='lat' dir='ltr'><strong>Quid</strong></span> <span class='ocrx_word' id='word_1_179' title='bbox 509 3257 574 3318; x_wconf 81' lang='lat' dir='ltr'><strong>sibi</strong></span> <span class='ocrx_word' id='word_1_180' title='bbox 607 3259 712 3319; x_wconf 78' lang='lat' dir='ltr'><strong>velint</strong></span> <span class='ocrx_word' id='word_1_181' title='bbox 746 3259 847 3319; x_wconf 81' lang='lat' dir='ltr'><strong>verba</strong></span> <span class='ocrx_word' id='word_1_182' title='bbox 880 3256 955 3337; x_wconf 84' lang='grc' dir='ltr'><strong><em>πρὸς</em></strong></span> <span class='ocrx_word' id='word_1_183' title='bbox 989 3255 1043 3334; x_wconf 78' lang='grc' dir='ltr'><strong>τὴν</strong></span> <span class='ocrx_word' id='word_1_184' title='bbox 1080 3267 1136 3318; x_wconf 81' lang='grc' dir='ltr'><strong>τῶν</strong></span> <span class='ocrx_word' id='word_1_185' title='bbox 1170 3257 1303 3336; x_wconf 83' lang='grc' dir='ltr'><strong><em>αλμολτιον</em></strong></span> <span class='ocrx_word' id='word_1_186' title='bbox 1338 3257 1472 3339; x_wconf 73' lang='grc' dir='ltr'><strong><em>ἔκλυσιν,</em></strong></span> <span class='ocrx_word' id='word_1_187' title='bbox 1506 3278 1572 3324; x_wconf 89' lang='lat' dir='ltr'><strong>non</strong></span> 
     </span>
     <span class='ocr_line' id='line_1_24' title="bbox 350 3372 1573 3451; baseline 0.003 -18"><span class='ocrx_word' id='word_1_188' title='bbox 350 3376 461 3446; x_wconf 90' lang='lat' dir='ltr'><strong>video;</strong></span> <span class='ocrx_word' id='word_1_189' title='bbox 482 3387 561 3432; x_wconf 88' lang='lat' dir='ltr'><strong>nam</strong></span> <span class='ocrx_word' id='word_1_190' title='bbox 580 3373 718 3448; x_wconf 80' lang='lat' dir='ltr'><strong>Augias,</strong></span> <span class='ocrx_word' id='word_1_191' title='bbox 738 3388 798 3432; x_wconf 88' lang='lat' dir='ltr'><strong>rex</strong></span> <span class='ocrx_word' id='word_1_192' title='bbox 817 3372 991 3448; x_wconf 91' lang='lat' dir='ltr'><strong>spoliatus,</strong></span> <span class='ocrx_word' id='word_1_193' title='bbox 1014 3387 1079 3432; x_wconf 92' lang='lat' dir='ltr'><strong>non</strong></span> <span class='ocrx_word' id='word_1_194' title='bbox 1099 3375 1172 3432; x_wconf 90' lang='lat' dir='ltr'><strong>erat</strong></span> <span class='ocrx_word' id='word_1_195' title='bbox 1190 3373 1233 3449; x_wconf 90' lang='lat' dir='ltr'><strong>is,</strong></span> <span class='ocrx_word' id='word_1_196' title='bbox 1253 3374 1309 3446; x_wconf 85' lang='lat' dir='ltr'><strong>qui</strong></span> <span class='ocrx_word' id='word_1_197' title='bbox 1328 3376 1472 3434; x_wconf 89' lang='lat' dir='ltr'><strong>mortem</strong></span> <span class='ocrx_word' id='word_1_198' title='bbox 1484 3391 1573 3451; x_wconf 91' lang='lat' dir='ltr'><strong>prae·</strong></span> 
     </span>
     <span class='ocr_line' id='line_1_25' title="bbox 348 3484 1575 3562; baseline 0.002 -15"><span class='ocrx_word' id='word_1_199' title='bbox 348 3487 444 3548; x_wconf 93' lang='lat' dir='ltr'><strong>donis</strong></span> <span class='ocrx_word' id='word_1_200' title='bbox 469 3484 632 3545; x_wconf 77' lang='lat' dir='ltr'><strong>vindIcare</strong></span> <span class='ocrx_word' id='word_1_201' title='bbox 656 3485 789 3546; x_wconf 90' lang='lat' dir='ltr'><strong>deberet</strong></span> <span class='ocrx_word' id='word_1_202' title='bbox 811 3485 865 3545; x_wconf 87' lang='lat' dir='ltr'><strong>vel</strong></span> <span class='ocrx_word' id='word_1_203' title='bbox 888 3486 1161 3561; x_wconf 91' lang='lat' dir='ltr'><strong>interemptorem</strong></span> <span class='ocrx_word' id='word_1_204' title='bbox 1185 3487 1225 3546; x_wconf 87' lang='lat' dir='ltr'><strong>ad</strong></span> <span class='ocrx_word' id='word_1_205' title='bbox 1244 3486 1412 3562; x_wconf 89' lang='lat' dir='ltr'><strong>piaculum</strong></span> <span class='ocrx_word' id='word_1_206' title='bbox 1431 3488 1575 3550; x_wconf 88' lang='lat' dir='ltr'><strong>lustran-</strong></span> 
     </span>
     <span class='ocr_line' id='line_1_26' title="bbox 349 3597 1608 3677; baseline 0.004 -16"><span class='ocrx_word' id='word_1_207' title='bbox 349 3602 428 3671; x_wconf 89' lang='lat' dir='ltr'><strong>dum</strong></span> <span class='ocrx_word' id='word_1_208' title='bbox 454 3599 595 3672; x_wconf 83' lang='lat' dir='ltr'><strong>cogeret.</strong></span> <span class='ocrx_word' id='word_1_209' title='bbox 621 3597 764 3658; x_wconf 86' lang='lat' dir='ltr'><strong>offendit</strong></span> <span class='ocrx_word' id='word_1_210' title='bbox 787 3613 915 3672; x_wconf 92' lang='lat' dir='ltr'><strong>quoque</strong></span> <span class='ocrx_word' id='word_1_211' title='bbox 937 3597 1065 3674; x_wconf 89' lang='lat' dir='ltr'><strong>plurale</strong></span> <span class='ocrx_word' id='word_1_212' title='bbox 1089 3597 1281 3676; x_wconf 69' lang='grc' dir='ltr'><strong><em>αἱμάτων,</em></strong></span> <span class='ocrx_word' id='word_1_213' title='bbox 1304 3614 1405 3672; x_wconf 87' lang='lat' dir='ltr'><strong>quaro</strong></span> <span class='ocrx_word' id='word_1_214' title='bbox 1428 3616 1573 3677; x_wconf 91' lang='lat' dir='ltr'><strong>propono</strong></span> <span class='ocrx_word' id='word_1_215' title='bbox 1604 3665 1608 3671; x_wconf 81' lang='grc'><strong><em>,</em></strong></span> 
     </span>
     <span class='ocr_line' id='line_1_27' title="bbox 348 3709 919 3794; baseline -0.004 -22"><span class='ocrx_word' id='word_1_216' title='bbox 348 3712 423 3794; x_wconf 86' lang='grc' dir='ltr'><strong><em>πρὸς</em></strong></span> <span class='ocrx_word' id='word_1_217' title='bbox 446 3709 501 3789; x_wconf 78' lang='grc' dir='ltr'><strong>τὴν</strong></span> <span class='ocrx_word' id='word_1_218' title='bbox 524 3719 584 3770; x_wconf 82' lang='grc' dir='ltr'><strong>τῶν</strong></span> <span class='ocrx_word' id='word_1_219' title='bbox 606 3711 765 3790; x_wconf 81' lang='grc' dir='ltr'><strong><em>χρημάτων</em></strong></span> <span class='ocrx_word' id='word_1_220' title='bbox 789 3709 919 3770; x_wconf 77' lang='grc' dir='ltr'><strong><em>ἔκδοσιν.</em></strong></span> 
     </span>
    </p>

    <p class='ocr_par' dir='ltr' id='par_1_5' title="bbox 348 3824 1574 4137">
     <span class='ocr_line' id='line_1_28' title="bbox 393 3824 1574 3902; baseline 0.002 -12"><span class='ocrx_word' id='word_1_221' title='bbox 393 3827 469 3890; x_wconf 84' lang='lat' dir='ltr'><strong>Fuit</strong></span> <span class='ocrx_word' id='word_1_222' title='bbox 505 3826 592 3887; x_wconf 92' lang='lat' dir='ltr'><strong>haud</strong></span> <span class='ocrx_word' id='word_1_223' title='bbox 627 3826 723 3886; x_wconf 88' lang='lat' dir='ltr'><strong>dubie</strong></span> <span class='ocrx_word' id='word_1_224' title='bbox 757 3824 922 3886; x_wconf 92' lang='lat' dir='ltr'><strong>eiusmodi</strong></span> <span class='ocrx_word' id='word_1_225' title='bbox 951 3824 1077 3901; x_wconf 85' lang='lat' dir='ltr'><strong>tabula,</strong></span> <span class='ocrx_word' id='word_1_226' title='bbox 1108 3841 1208 3900; x_wconf 89' lang='lat' dir='ltr'><strong>quam</strong></span> <span class='ocrx_word' id='word_1_227' title='bbox 1239 3826 1441 3902; x_wconf 88' lang='lat' dir='ltr'><strong>insculptam</strong></span> <span class='ocrx_word' id='word_1_228' title='bbox 1470 3829 1574 3892; x_wconf 84' lang='lat' dir='ltr'><strong>luisse</strong></span> 
     </span>
     <span class='ocr_line' id='line_1_29' title="bbox 349 3937 1574 4017; baseline -0.004 -9"><span class='ocrx_word' id='word_1_229' title='bbox 349 3950 490 4016; x_wconf 85' lang='lat' dir='ltr'><strong>cratera,</strong></span> <span class='ocrx_word' id='word_1_230' title='bbox 522 3955 586 4014; x_wconf 91' lang='lat' dir='ltr'><strong>qua</strong></span> <span class='ocrx_word' id='word_1_231' title='bbox 608 3940 798 4014; x_wconf 85' lang='lat' dir='ltr'><strong>Polyxenus</strong></span> <span class='ocrx_word' id='word_1_232' title='bbox 820 3938 946 4014; x_wconf 83' lang='lat' dir='ltr'><strong>Augiae</strong></span> <span class='ocrx_word' id='word_1_233' title='bbox 974 3953 1076 4014; x_wconf 94' lang='lat' dir='ltr'><strong>nepos</strong></span> <span class='ocrx_word' id='word_1_234' title='bbox 1102 3937 1234 4000; x_wconf 87' lang='lat' dir='ltr'><strong>Ulixem</strong></span> <span class='ocrx_word' id='word_1_235' title='bbox 1258 3941 1408 4017; x_wconf 87' lang='lat' dir='ltr'><strong>donavit,</strong></span> <span class='ocrx_word' id='word_1_236' title='bbox 1432 3940 1574 4017; x_wconf 76' lang='lat' dir='ltr'><strong>legimus</strong></span> 
     </span>
     <span class='ocr_line' id='line_1_30' title="bbox 348 4051 1324 4137; baseline -0.008 -15"><span class='ocrx_word' id='word_1_237' title='bbox 348 4060 433 4137; x_wconf 88' lang='lat' dir='ltr'><strong>apud</strong></span> <span class='ocrx_word' id='word_1_238' title='bbox 456 4056 609 4118; x_wconf 89' lang='lat' dir='ltr'><strong>Proclum</strong></span> <span class='ocrx_word' id='word_1_239' title='bbox 631 4056 666 4114; x_wconf 90' lang='lat' dir='ltr'><strong>in</strong></span> <span class='ocrx_word' id='word_1_240' title='bbox 689 4053 975 4128; x_wconf 78' lang='lat' dir='ltr'><strong>Chrestomathia;</strong></span> <span class='ocrx_word' id='word_1_241' title='bbox 1001 4055 1080 4114; x_wconf 91' lang='lat' dir='ltr'><strong>sunt</strong></span> <span class='ocrx_word' id='word_1_242' title='bbox 1102 4051 1204 4114; x_wconf 88' lang='lat' dir='ltr'><strong>verba</strong></span> <span class='ocrx_word' id='word_1_243' title='bbox 1225 4055 1324 4114; x_wconf 91' lang='lat' dir='ltr'><strong>haec:</strong></span> 
     </span>
    </p>

    <p class='ocr_par' dir='ltr' id='par_1_6' title="bbox 349 4165 1571 4364">
     <span class='ocr_line' id='line_1_31' title="bbox 393 4165 1570 4249; baseline -0.003 -17"><span class='ocrx_word' id='word_1_244' title='bbox 393 4169 596 4249; x_wconf 82' lang='grc' dir='ltr'><strong><em>,Τηλεμονίας</em></strong></span> <span class='ocrx_word' id='word_1_245' title='bbox 630 4168 732 4248; x_wconf 81' lang='grc' dir='ltr'><strong><em>βιβλία</em></strong></span> <span class='ocrx_word' id='word_1_246' title='bbox 768 4168 823 4228; x_wconf 76' lang='grc' dir='ltr'><strong>δύο</strong></span> <span class='ocrx_word' id='word_1_247' title='bbox 860 4166 1070 4246; x_wconf 78' lang='grc' dir='ltr'><strong><em>Εὐμάμμωνος</em></strong></span> <span class='ocrx_word' id='word_1_248' title='bbox 1095 4165 1274 4245; x_wconf 79' lang='grc' dir='ltr'><strong><em>Κυρηναίου</em></strong></span> <span class='ocrx_word' id='word_1_249' title='bbox 1297 4165 1471 4246; x_wconf 80' lang='grc' dir='ltr'><strong><em>περιέχοντα</em></strong></span> <span class='ocrx_word' id='word_1_250' title='bbox 1493 4169 1570 4229; x_wconf 80' lang='grc' dir='ltr'><strong><em>τάδε·</em></strong></span> 
     </span>
     <span class='ocr_line' id='line_1_32' title="bbox 349 4276 1571 4364; baseline -0.005 -16"><span class='ocrx_word' id='word_1_251' title='bbox 349 4287 380 4348; x_wconf 81' lang='grc' dir='ltr'><strong>οἱ</strong></span> <span class='ocrx_word' id='word_1_252' title='bbox 407 4292 573 4364; x_wconf 78' lang='grc' dir='ltr'><strong><em>μνηστῆρες</em></strong></span> <span class='ocrx_word' id='word_1_253' title='bbox 603 4281 665 4343; x_wconf 85' lang='grc' dir='ltr'><strong>όπὸ</strong></span> <span class='ocrx_word' id='word_1_254' title='bbox 687 4291 747 4342; x_wconf 85' lang='grc' dir='ltr'><strong>τῶν</strong></span> <span class='ocrx_word' id='word_1_255' title='bbox 769 4281 986 4361; x_wconf 79' lang='grc' dir='ltr'><strong><em>προσηκόντων</em></strong></span> <span class='ocrx_word' id='word_1_256' title='bbox 1009 4281 1194 4358; x_wconf 77' lang='grc' dir='ltr'><strong><em>θάπτονται,</em></strong></span> <span class='ocrx_word' id='word_1_257' title='bbox 1215 4279 1266 4340; x_wconf 87' lang='grc' dir='ltr'><strong>καὶ</strong></span> <span class='ocrx_word' id='word_1_258' title='bbox 1284 4276 1448 4354; x_wconf 80' lang='grc' dir='ltr'><strong><em>Ὀδυσσεὺς</em></strong></span> <span class='ocrx_word' id='word_1_259' title='bbox 1471 4283 1571 4355; x_wconf 83' lang='grc' dir='ltr'><strong><em>θόσας</em></strong></span> 
     </span>
    </p>
   </div>
   <div class='ocr_carea' id='block_1_3' title="bbox 349 4386 1571 4493">
    <p class='ocr_par' dir='ltr' id='par_1_7' title="bbox 349 4386 1571 4493">
     <span class='ocr_line' id='line_1_33' title="bbox 349 4386 1571 4493; baseline -0.004 -34"><span class='ocrx_word' id='word_1_260' title='bbox 349 4401 497 4493; x_wconf 77' lang='grc' dir='ltr'><strong><em>Νύμφαις</em></strong></span> <span class='ocrx_word' id='word_1_261' title='bbox 531 4397 573 4470; x_wconf 80' lang='grc' dir='ltr'><strong>εἰς</strong></span> <span class='ocrx_word' id='word_1_262' title='bbox 602 4386 690 4456; x_wconf 84' lang='grc' dir='ltr'><strong><em>Ἦλιν</em></strong></span> <span class='ocrx_word' id='word_1_263' title='bbox 724 4394 857 4455; x_wconf 79' lang='grc' dir='ltr'><strong><em>ἀποπλεῖ</em></strong></span> <span class='ocrx_word' id='word_1_264' title='bbox 887 4395 1123 4473; x_wconf 75' lang='grc' dir='ltr'><strong><em>ἐπισκεψόμενος</em></strong></span> <span class='ocrx_word' id='word_1_265' title='bbox 1158 4393 1194 4454; x_wconf 82' lang='grc' dir='ltr'><strong>τὰ</strong></span> <span class='ocrx_word' id='word_1_266' title='bbox 1227 4395 1386 4473; x_wconf 85' lang='grc' dir='ltr'><strong><em>βουκόλια,</em></strong></span> <span class='ocrx_word' id='word_1_267' title='bbox 1416 4393 1467 4456; x_wconf 86' lang='grc' dir='ltr'><strong>καλ</strong></span> <span class='ocrx_word' id='word_1_268' title='bbox 1498 4395 1571 4469; x_wconf 81' lang='grc' dir='ltr'><strong><em>ξενό-</em></strong></span> 
     </span>
    </p>
   </div>
   <div class='ocr_carea' id='block_1_4' title="bbox 347 4508 1571 4815">
    <p class='ocr_par' dir='ltr' id='par_1_8' title="bbox 347 4508 1571 4815">
     <span class='ocr_line' id='line_1_34' title="bbox 349 4508 1570 4596; baseline -0.003 -23"><span class='ocrx_word' id='word_1_269' title='bbox 349 4515 425 4586; x_wconf 79' lang='grc' dir='ltr'><strong><em>ζεται</em></strong></span> <span class='ocrx_word' id='word_1_270' title='bbox 456 4511 539 4591; x_wconf 80' lang='grc' dir='ltr'><strong><em>παρὰ</em></strong></span> <span class='ocrx_word' id='word_1_271' title='bbox 569 4509 730 4596; x_wconf 76' lang='grc' dir='ltr'><strong><em>Πολυξένῳ</em></strong></span> <span class='ocrx_word' id='word_1_272' title='bbox 761 4512 860 4591; x_wconf 83' lang='grc' dir='ltr'><strong><em>δῶρον</em></strong></span> <span class='ocrx_word' id='word_1_273' title='bbox 883 4532 913 4570; x_wconf 85' lang='grc' dir='ltr'><strong>τε</strong></span> <span class='ocrx_word' id='word_1_274' title='bbox 936 4510 1084 4589; x_wconf 80' lang='grc' dir='ltr'><strong><em>λαμβάνει</em></strong></span> <span class='ocrx_word' id='word_1_275' title='bbox 1106 4517 1253 4589; x_wconf 79' lang='grc' dir='ltr'><strong><em>κρατῆρα,</em></strong></span> <span class='ocrx_word' id='word_1_276' title='bbox 1274 4509 1325 4569; x_wconf 82' lang='grc' dir='ltr'><strong>καλ</strong></span> <span class='ocrx_word' id='word_1_277' title='bbox 1348 4508 1396 4570; x_wconf 75' lang='grc' dir='ltr'><strong>ἐπὶ</strong></span> <span class='ocrx_word' id='word_1_278' title='bbox 1419 4513 1515 4596; x_wconf 76' lang='grc' dir='ltr'><strong><em>τούτῳ</em></strong></span> <span class='ocrx_word' id='word_1_279' title='bbox 1536 4509 1570 4570; x_wconf 84' lang='grc' dir='ltr'><strong>τὰ</strong></span> 
     </span>
     <span class='ocr_line' id='line_1_35' title="bbox 347 4621 1232 4706; baseline -0.006 -20"><span class='ocrx_word' id='word_1_280' title='bbox 347 4625 416 4705; x_wconf 85' lang='grc' dir='ltr'><strong><em>περλ</em></strong></span> <span class='ocrx_word' id='word_1_281' title='bbox 441 4624 620 4704; x_wconf 83' lang='grc' dir='ltr'><strong><em>Τροφώνιον</em></strong></span> <span class='ocrx_word' id='word_1_282' title='bbox 643 4621 695 4684; x_wconf 85' lang='grc' dir='ltr'><strong>καλ</strong></span> <span class='ocrx_word' id='word_1_283' title='bbox 717 4624 888 4706; x_wconf 70' lang='grc' dir='ltr'><strong><em>Ἀγαμήδην</em></strong></span> <span class='ocrx_word' id='word_1_284' title='bbox 911 4623 963 4683; x_wconf 86' lang='grc' dir='ltr'><strong>καλ</strong></span> <span class='ocrx_word' id='word_1_285' title='bbox 985 4621 1131 4704; x_wconf 76' lang='grc' dir='ltr'><strong><em>Αὖμέαν”</em></strong></span> <span class='ocrx_word' id='word_1_286' title='bbox 1154 4627 1232 4682; x_wconf 90' lang='grc' dir='ltr'><strong><em>κ,τ.λ.</em></strong></span> 
     </span>
     <span class='ocr_line' id='line_1_36' title="bbox 390 4738 1571 4815; baseline -0.001 -15"><span class='ocrx_word' id='word_1_287' title='bbox 390 4740 416 4800; x_wconf 78' lang='lat' dir='ltr'><strong>lt</strong></span> <span class='ocrx_word' id='word_1_288' title='bbox 447 4739 552 4799; x_wconf 90' lang='lat' dir='ltr'><strong>tribus</strong></span> <span class='ocrx_word' id='word_1_289' title='bbox 583 4739 636 4800; x_wconf 88' lang='lat' dir='ltr'><strong>his</strong></span> <span class='ocrx_word' id='word_1_290' title='bbox 665 4740 910 4802; x_wconf 88' lang='lat' dir='ltr'><strong>narrationibus</strong></span> <span class='ocrx_word' id='word_1_291' title='bbox 940 4755 1025 4815; x_wconf 87' lang='lat' dir='ltr'><strong>quae</strong></span> <span class='ocrx_word' id='word_1_292' title='bbox 1054 4740 1162 4815; x_wconf 91' lang='lat' dir='ltr'><strong>prima</strong></span> <span class='ocrx_word' id='word_1_293' title='bbox 1190 4739 1238 4799; x_wconf 90' lang='lat' dir='ltr'><strong>sit</strong></span> <span class='ocrx_word' id='word_1_294' title='bbox 1265 4740 1338 4799; x_wconf 88' lang='lat' dir='ltr'><strong>orta</strong></span> <span class='ocrx_word' id='word_1_295' title='bbox 1368 4740 1467 4812; x_wconf 89' lang='lat' dir='ltr'><strong>atque</strong></span> <span class='ocrx_word' id='word_1_296' title='bbox 1489 4738 1571 4814; x_wconf 91' lang='lat' dir='ltr'><strong>apud</strong></span> 
     </span>
    </p>
   </div>
   <div class='ocr_carea' id='block_1_5' title="bbox 0 0 1768 5692">
    <p class='ocr_par' dir='ltr' id='par_1_9' title="bbox 0 0 1768 5692">
     <span class='ocr_line' id='line_1_37' title="bbox 0 0 1768 5692; baseline 0 1"><span class='ocrx_word' id='word_1_297' title='bbox 0 0 1768 5692; x_wconf 95' lang='lat' dir='ltr'><strong> </strong></span> 
     </span>
    </p>
   </div>
  </div>
 </body>
</html>
