3525 5692
390 687 435 753 80'
915 707 956 752 on
979 707 1089 754 arsos.

431 880 568 955 Leleges
586 880 760 955 aliquando
779 877 911 940 (larium
929 879 1137 956 habitarunt,
1158 879 1245 940 unde
1263 878 1351 956 pulsi
1369 879 1602 954 septentriones

390 1009 505 1055 versus
539 993 760 1068 emigrarunt;
796 992 925 1069 deinde,
958 993 1045 1055 sicut
1078 993 1118 1054 de
1152 992 1287 1055 'l'eucris
1319 995 1483 1070 narratur,
1518 991 1603 1052 sedes

389 1124 494 1170 novas
524 1111 558 1171 in
589 1109 714 1171 Troade
743 1109 867 1170 circum
897 1109 1064 1171 Pedasum
1095 1112 1127 1171 st
1156 1108 1383 1170 Satnioentem
1405 1107 1605 1168 invenerunt.

388 1222 560 1298 Regnabat
576 1225 664 1284 inter
684 1239 741 1286 eos
760 1224 869 1299 Altos,
891 1224 986 1284 cuius
1004 1222 1108 1284 filiam
1127 1223 1297 1285 Laothoen
1309 1222 1449 1283 duxerat
1462 1221 1605 1280 Priamus

389 1338 432 1405 (Φ
454 1332 518 1417 84).
543 1338 754 1399 Meminimus
777 1337 878 1398 etiam
902 1338 935 1402 in
959 1335 1055 1398 daria
1076 1337 1180 1398 luisse
1199 1336 1353 1412 oppidum
1372 1333 1508 1410 Pedasa,
1529 1333 1606 1406 quod

391 1450 556 1511 Mausolus
586 1466 662 1511 cum
693 1450 922 1512 Halicarnasso
953 1451 1127 1512 coniunxit
1155 1450 1286 1520 (Herod.
1309 1449 1397 1524 VIII,
1425 1449 1509 1517 104).
1534 1447 1607 1522 Quid

390 1563 513 1624 mirum
534 1545 680 1640 ¹Leleges
704 1581 721 1626 e
745 1565 866 1626 vicinia
890 1564 1131 1640 Halicarnassi,
1156 1567 1193 1624 ut
1216 1563 1367 1639 probavit
1389 1561 1606 1633 Kretschmer,

391 1677 594 1751 emigrantes
635 1692 754 1739 nomen
793 1677 997 1753 Telamonis,
1034 1678 1118 1752 quod
1153 1677 1206 1738 vel
1240 1678 1356 1752 postea
1389 1673 1608 1736 Halicarnassi

391 1789 623 1851 inveniebatur
659 1825 696 1836 -
714 1779 718 1784 ’
735 1806 857 1852 nomen
887 1791 939 1852 dei
969 1790 1089 1852 marini
1121 1791 1173 1851 cui
1203 1791 1295 1851 natio
1324 1789 1495 1851 maritima
1516 1802 1606 1863 quam

392 1906 538 1966 maxime
568 1905 680 1965 dedita
710 1908 782 1967 erat
814 1938 853 1949 -
887 1920 1000 1967 secum
1025 1904 1170 1978 duxisse,
1195 1918 1307 1979 regern
1330 1902 1540 1963 'i'rsmbelum
1561 1900 1609 1961 dei

391 2015 496 2078 fllium
519 2020 681 2080 vocasse?
705 2017 950 2095 Trambeluml,
975 2017 1031 2092 qui
1054 2019 1091 2077 ut
1113 2017 1301 2078 Phaeacum
1324 2016 1476 2077 homines
1495 2028 1608 2074 nomen
1727 2067 1728 2072 ,

392 2131 528 2206 gerebat
550 2146 570 2191 a
593 2130 736 2193 navibus
760 2131 907 2193 ductum.

435 2245 519 2304 Nam
555 2244 756 2305 maritimam
792 2245 961 2306 nationem
994 2243 1098 2305 fuisse
1132 2243 1269 2319 Leleges
1302 2243 1399 2303 docet
1428 2241 1611 2302 Herodotus

391 2361 406 2419 I
432 2361 512 2420 173:
548 2358 644 2435 ,dcccc
677 2358 786 2430 Μίνως
818 2357 915 2420 δέοιτο
947 2357 1099 2438 ἐπλήρουν
1127 2358 1159 2419 οἱ
1178 2357 1230 2430 τὰς
1253 2360 1361 2431 ναῦς”.
1384 2358 1487 2421 Docet
1509 2358 1610 2418 idem:

394 2470 541 2551 »Λέλεγες
563 2472 741 2550 καλεόμενοι
763 2466 843 2551 εἶχον
865 2472 917 2557 τᾲς
941 2473 1055 2551 νήσους
1078 2471 1176 2552 φόρον
1199 2469 1254 2550 μὲν
1278 2470 1389 2534 οὐδένα
1409 2468 1612 2561 ὑποτεκὲοντες

393 2585 465 2645 ὅσον
489 2582 540 2645 καὶ
564 2583 620 2665 ἐγὼ
645 2585 776 2658 δυνατός
799 2586 860 2665 εἰμι
883 2584 931 2646 ἐπὶ
956 2586 1142 2664 μακρότατον
1166 2583 1319 2658 ἐξικέσθαι
1344 2583 1453 2668 (inoff.

438 2699 560 2774 Quodsi
590 2700 660 2760 iure
691 2701 923 2761 contendimus
953 2700 1143 2761 Telamonis
1171 2714 1291 2761 nomen
1315 2716 1333 2760 e
1358 2699 1439 2759 Sinu
1462 2697 1612 2759 Saronico
1728 2775 1729 2782 ἵ

392 2812 425 2871 in
460 2813 576 2873 Asiam
603 2813 788 2888 devenisse,
820 2814 924 2874 oritur
954 2814 1097 2890 suspicio
1128 2813 1264 2888 Leleges
1293 2814 1407 2889 luisse,
1439 2813 1495 2887 qui
1518 2825 1610 2872 suum

392 2916 489 2986 deum
513 2928 676 2987 orientem
701 2941 816 2989 versus
839 2927 1100 2988 transduxerint.
1125 2927 1324 2988 Obtinebant
1347 2928 1435 2988 enirn
1462 2925 1614 3000 ¹antiquis·

392 3041 488 3100 simis
511 3040 716 3116 temporibus
739 3040 875 3116 Leleges
899 3042 1009 3102 varias
1028 3041 1184 3102 Graeciae
1206 3043 1357 3117 regiones
1376 3057 1404 3102 e.
1425 3057 1455 3116 g.
1476 3040 1628 3116 Megara..

312 3222 315 3226 ¹
390 3131 572 3228 Locridem,
608 3153 813 3214 Laconicam.
843 3154 945 3214 Lelex
968 3154 1007 3215 de
1031 3169 1095 3229 quo
1117 3155 1281 3216 Laconica
1307 3155 1454 3230 Lelegeis
1477 3145 1611 3229 appelia-

391 3266 488 3326 batur
519 3266 658 3342 Spartae
688 3267 830 3328 habebat
858 3261 968 3349 ἡρῷον.
1000 3264 1040 3338 ὡς
1069 3263 1102 3327 δὲ
1125 3265 1211 3328 αὐτοὶ
1234 3267 1476 3345 Λακεδαιμόνιοι
1497 3264 1613 3346 λέγουσι

392 3377 485 3451 Λέλεξ
520 3378 681 3458 αὐτόχθων
716 3375 759 3438 bv
795 3377 968 3457 ἐβασίλευσε
1003 3387 1118 3457 πρῶτος
1149 3378 1181 3440 ἐν
1212 3389 1247 3463 τῇ
1276 3389 1316 3463 γῇ
1345 3379 1446 3462 ταύτῃ.
1477 3379 1612 3441 Deiota

390 3492 616 3569 Peloponneso
649 3493 836 3553 Hecataeus
864 3493 1012 3554 Milesius
1040 3493 1194 3554 tradebat
1216 3509 1290 3555 eam
1315 3496 1392 3555 ante
1419 3492 1610 3555 Graecorum

392 3606 572 3667 adventurn
604 3621 624 3666 a
653 3605 801 3667 barbaris
831 3607 934 3666 luisse
965 3606 1162 3667 habitatam.
1192 3605 1238 3667 Gi.
1269 3607 1376 3668 Strab.
1400 3606 1462 3666 VII
1485 3623 1515 3682 p.
1541 3607 1610 3678 321,

391 3718 447 3779 ubi
478 3721 614 3780 exstant
637 3719 737 3780 verba
759 3719 1003 3780 memorabilia:
1031 3721 1084 3796 ,in
1108 3719 1310 3780 Milesiorum
1334 3721 1500 3782 territorio
1523 3735 1613 3796 quae·
1729 3733 1730 3736 ¹

392 3832 468 3892 darn
510 3833 669 3908 Lelegum
713 3833 880 3893 domicilia
913 3833 1136 3893 ostenduntur
1170 3828 1379 3915 (Trambelus
1413 3834 1454 3894 ab
1489 3833 1612 3895 Achille
1729 3825 1730 3850 ¹

389 3944 493 4006 Mileti
515 3947 735 4015 interiectum)
760 3949 793 4006 et
816 3944 925 4006 multa
947 3947 981 4005 in
1004 3945 1100 4008 (laria
1122 3947 1274 4022 sepulcra
1297 3950 1331 4009 et
1352 3948 1470 4008 inanes
1496 3946 1613 4008 tumuli

391 4059 542 4134 Lelegeia
564 4060 782 4135 appellantur.
807 4060 896 4137 Quae
919 4076 1007 4122 nunc
1026 4061 1119 4121 Ionia
1138 4062 1259 4122 dicitur
1277 4063 1436 4124 universa
1454 4061 1535 4122 olim
1555 4061 1613 4122 luit

391 4173 609 4248 aLelegibus
640 4173 804 4249 habitata,
832 4189 934 4248 quam
957 4176 1064 4251 pulsis
1087 4174 1262 4250 Lelegibus
1284 4175 1381 4236 lones
1404 4177 1613 4250 occuparunt.

392 4287 453 4348 Sed
481 4290 514 4348 et
537 4290 614 4348 ante
637 4288 700 4363 illi,
724 4287 780 4363 qui
803 4287 935 4347 Troiam
960 4289 1116 4362 ceperunt
1139 4287 1267 4362 Graeci,
1293 4287 1430 4363 Leleges
1454 4289 1613 4349 eiecerant

390 4413 408 4459 e
442 4399 524 4460 locis
558 4400 635 4462 ldae
671 4401 791 4462 vicinis
825 4401 920 4461 iuxta
954 4400 1119 4461 Pedasum
1149 4403 1185 4461 et
1208 4401 1435 4462 Satnioentem
1458 4400 1612 4462 flumen”.

390 4512 520 4574 Ultima
540 4513 683 4575 fortasse
707 4529 749 4574 ex
771 4512 874 4576 Iliade
897 4514 1012 4590 petita.

433 4627 588 4689 Testatur
618 4628 816 4689 Aristoteles
850 4629 885 4689 in
917 4628 1114 4704 Republica:
1150 4645 1241 4705 ,eos,
1275 4629 1330 4703 qui
1352 4645 1441 4693 nunc
1464 4630 1614 4693 dicuntur
1660 4626 1663 4632 '

389 4743 581 4819 Locrenses,
603 4743 787 4815 antiquitus
806 4742 942 4817 Leleges
961 4743 1065 4805 luisse
1078 4743 1280 4819 nominatos,
1301 4743 1434 4805 eosdem
1446 4744 1614 4806 Boeotiam
