3525 5692
537 720 579 764 nu
600 719 818 766 uosmours
840 718 1036 764 rauranum.
1335 704 1395 763 191

170 901 272 962 datos
301 915 376 960 sero
405 899 440 959 ln
472 898 635 971 hymnum
666 912 740 958 esse
769 898 882 960 illatos
911 900 965 960 vel
987 902 1094 960 totam
1117 899 1234 973 hymni
1257 900 1399 973 partem,

170 1032 258 1091 quac
281 1016 404 1077 dedeo
428 1015 562 1092 pythico
593 1017 682 1091 agat,
714 1014 885 1088 cynaetno
917 1013 1088 1085 (Κύναιθος
1113 1017 1202 1089 Χῖος,
1226 1009 1260 1085 ὃς
1282 1012 1334 1073 τὸν
1358 1013 1399 1086 εἰς

176 1128 343 1189 Ἀπόλλωνα
384 1124 591 1207 γεγραμμένον
632 1127 731 1202 λίμνον
771 1124 884 1206 λέγεται
924 1123 1121 1204 πεποιηκέναι
1163 1128 1270 1189 Schol.
1306 1129 1397 1188 Pind.

170 1243 265 1303 Nem.
296 1244 343 1324 H,
375 1243 406 1311 2)
437 1257 512 1302 esse
534 1242 753 1302 recentiorem
771 1235 803 1310 ι1.
828 1241 890 1301 Sed
914 1240 1079 1301 Pindarus
1101 1241 1283 1302 secundnm
1306 1242 1396 1302 scho-

169 1357 430 1432 linmquoddam
442 1356 624 1418 recentiore
634 1358 783 1431 tempore
795 1356 968 1415 inventum
978 1356 1107 1415 tantam
1117 1355 1289 1416 audaciam
1298 1357 1401 1431 repel-

171 1470 221 1530 lit.
246 1470 385 1545 Scripsit
405 1472 493 1530 enim
513 1470 661 1530 Rohdius
680 1470 714 1530 in
733 1468 905 1543 Philologo
924 1467 1049 1528 XXXV
1068 1485 1098 1544 p.
1122 1470 1185 1529 199
1205 1469 1304 1530 haec:
1328 1470 1397 1544 „Im

172 1581 281 1643 (lodex
311 1583 483 1643 Palatinus
514 1584 557 1643 73
591 1584 648 1644 der
674 1582 924 1643 vaticanischen
948 1580 1128 1642 bibliotholr
1148 1580 1249 1642 findet
1267 1582 1337 1642 sich
1358 1598 1398 1644 zu

171 1695 312 1757 Lucians
330 1695 413 1756 Dial.
433 1697 526 1756 Mort.
545 1696 594 1755 III
612 1697 723 1756 zuerst
741 1696 793 1756 ein
813 1695 979 1770 Scholion,
1001 1695 1145 1755 welches
1164 1696 1227 1755 mit
1239 1695 1346 1757 Schol.
1360 1695 1396 1757 G.

170 1807 222 1868 hei
244 1809 340 1870 Reitu
363 1810 393 1885 1,
416 1825 447 1884 p.
470 1809 547 1885 338,
575 1810 613 1868 11
639 1808 920 1869 ubereinstimmt.
943 1808 1038 1868 Dann
1062 1808 1167 1868 heisst
1190 1824 1226 1869 es
1249 1808 1326 1870 aher
1349 1810 1394 1870 im

169 1923 342 1984 Palatinus
364 1923 497 1984 weitos:
521 1930 628 1982 τοῦτον
650 1919 707 2001 γὰρ
729 1920 782 1982 τὸν
809 1920 988 1996 Τροφώνιον
1010 1917 1060 1980 καὶ
1083 1919 1135 1980 τὸν
1158 1917 1250 1981 ἄλλον
1269 1923 1395 1997 (ecquid

169 2032 220 2094 καλ
246 2034 300 2096 τδν
323 2034 528 2115 Ἀγαμήδηνῖ)
550 2032 698 2112 μέμνηται
721 2034 878 2111 Πίνδαρος
900 2031 932 2092 έν
956 2043 992 2116 τῇ
1015 2034 1080 2117 ᾠδῇ
1103 2043 1162 2094 τῶν
1181 2029 1396 2110 Ἰσθμιονικῶν

170 2159 206 2232 τῇ
236 2148 279 2221 είς
308 2149 474 2227 Κασμύλον
500 2142 615 2209 Ῥόδιον
645 2148 773 2226 πύκτην·
804 2146 919 2225 ίστορεῖ
943 2142 976 2207 δέ
1004 2147 1108 2219 οὕτως·
1132 2144 1148 2207 δ
1173 2142 1201 2208 δ’
1228 2145 1342 2209 έθέλων
1366 2171 1396 2208 τε

169 2260 219 2322 καλ
250 2262 418 2341 δυνάμενος
449 2259 529 2342 ἁβρὰ
557 2261 683 2340 πάσχειν
706 2259 762 2321 τὰν
785 2259 944 2341 Ἀγαμήδεϊ
969 2260 1135 2345 Τροφωνίῳ
1155 2255 1186 2321 θ’
1211 2259 1394 2342 έκαταβόλου

169 2374 358 2454 συμβουλίαν
398 2375 510 2455 λαβών·
552 2371 568 2435 δ
603 2371 637 2435 δὲ
670 2373 724 2451 τὴν
758 2371 827 2453 περλ
861 2381 955 2433 ταῦτα
989 2373 1103 2453 φράσιν
1138 2374 1285 2446 συντάξας
1319 2373 1395 2456 λέγει

169 2488 265 2560 οὕτως
277 2534 284 2547 .
298 2534 304 2547 .
317 2535 324 2547 .
338 2534 344 2547 .
369 2491 479 2550 cetera
501 2489 655 2550 desunt.'’

213 2602 348 2679 Optimo
379 2602 449 2662 iure
480 2601 626 2663 Rohdius
656 2602 849 2663 observavit
870 2601 972 2661 verba
995 2597 1011 2660 ὁ
1035 2595 1062 2659 δ’
1089 2597 1204 2659 ἐθέλον
1229 2634 1269 2645 -
1294 2601 1396 2681 λαβών

166 2717 273 2793 ipsius
302 2715 436 2776 Pindari
465 2714 582 2791 luisse,
615 2715 743 2776 confert
773 2718 886 2776 autern
917 2714 1090 2775 Plutarchi
1119 2714 1220 2775 verba
1244 2716 1277 2775 in
1301 2716 1409 2798 cons..

167 2829 207 2889 ad
239 2829 345 2906 Apoll.
380 2829 437 2887 14:
472 2824 542 2902 ,καλ
567 2825 636 2908 περὶ
668 2827 852 2907 Ἀγαμήδους
884 2823 916 2887 δέ
939 2825 990 2887 καλ
1015 2826 1197 2906 Τροφωνίου
1221 2825 1297 2905 φησὶ
1321 2829 1397 2887 Πίν-

167 2941 274 3019 δαρος,
307 2940 361 3002 τὸν
394 2938 473 3001 νεὼν
507 2939 559 3001 τδν
594 2938 626 3001 έν
661 2944 792 3019 Δελφοῖς
823 2941 1084 3018 οἰκοδομήσαντας
1115 2939 1208 3000 αῖτεῖν
1238 2939 1320 3019 παρὰ
1343 2951 1396 3001 τοῦ

167 3053 352 3129 Ἀπόλλωνος
382 3053 505 3130 μισθόν·
534 3053 586 3115 τὸν
616 3050 645 3115 δ’
671 3054 774 3127 αὐτοῖς
797 3053 1036 3135 ἐπαγγείλασθαι
1059 3054 1101 3126 είς
1124 3052 1259 3134 ἑβδόμην
1282 3051 1397 3133 ἡμέραν

167 3165 347 3245 ἀποδώσειν,
370 3166 409 3229 έν
431 3169 605 3255 τοσούτω
626 3163 653 3230 δ’
676 3168 918 3248 εὐωχεῖσθαι
938 3169 1241 3248 παρακελεύσασθαι,
1258 3168 1330 3240 τοὺς
1350 3165 1398 3246 δὲ,

167 3279 350 3357 ποιήσαντας
381 3280 414 3341 ri
444 3278 645 3360 προσταχθὲν,
674 3291 710 3364 τῇ
741 3279 856 3366 ἑβδόμη
888 3278 974 3341 νυκτὶ
997 3279 1276 3360 κατακοιμηθέντας
1299 3287 1396 3342 τελευ·

166 3397 284 3470 eccae&
308 3394 365 3465 (01.
390 3394 454 3456 (lic.
479 3395 628 3470 Tusci,
653 3397 707 3470 47,
735 3398 821 3466 114).

210 3510 355 3583 Apparet
384 3509 486 3583 igitur
516 3508 657 3569 Pindaro
687 3507 835 3569 fabulam
866 3507 906 3568 de
929 3509 1035 3582 primo
1059 3507 1225 3584 Apollinis
1247 3510 1395 3586 Delphici

165 3623 290 3700 templo
315 3625 369 3685 vel
392 3625 493 3698 adyto
518 3640 538 3684 9
559 3624 718 3685 iratribus
740 3625 927 3701 Trophonio
950 3625 1183 3700 Agamedeque
1206 3626 1396 3685 constructo

165 3736 267 3797 luisse
289 3740 419 3812 notam,
444 3736 515 3797 sive
539 3752 581 3797 ex
603 3737 742 3814 hymno,
767 3739 839 3799 sive
862 3753 905 3798 ex
924 3738 1084 3814 ampliore
1106 3737 1239 3812 mytho;
1261 3741 1396 3814 apparet

165 3851 307 3911 eundem
335 3853 469 3925 poetam
496 3849 585 3910 hunc
608 3851 763 3925 mythum
784 3851 942 3912 cecinisse
965 3852 999 3911 in
1023 3852 1084 3912 oda
1107 3849 1303 3924 Isthmiaca,
1328 3865 1393 3910 non

165 3966 202 4024 ut
231 3964 370 4038 putabat
400 3963 508 4038 Bergk
538 3964 613 4038 Lyr.
641 3981 671 4038 p.
697 3966 762 4026 295
786 3966 820 4025 in
845 3963 985 4040 Θρήνοις.
1010 3964 1072 4025 Sed
1096 3964 1158 4025 oda
1180 3963 1238 4023 illa
1260 3979 1391 4039 parum,

164 4079 325 4150 quantum
357 4077 489 4151 quidem
520 4078 661 4153 scimus,
694 4079 816 4153 profuit
839 4078 1018 4153 Trophonii
1040 4077 1166 4151 iamae;
1192 4079 1280 4136 cerie
1303 4078 1393 4137 Euri·

164 4189 270 4265 pides,
303 4191 360 4263 qui
389 4191 424 4250 in
455 4191 533 4252 Ione
563 4191 758 4267 Delphicum
782 4192 944 4267 templum
968 4192 1041 4252 fuse
1061 4190 1228 4264 describit,
1255 4191 1294 4252 de
1318 4190 1393 4251 Tro·

163 4303 275 4376 phonii
316 4318 415 4378 opera
455 4304 489 4364 in
532 4320 569 4364 eo
605 4304 773 4365 condendo
808 4304 912 4365 allata
946 4305 1042 4381 plane
1076 4304 1167 4380 silet,
1203 4303 1282 4364 licet
1316 4304 1391 4364 Tro·

164 4415 323 4490 phonium
354 4421 455 4476 votem
486 4421 537 4477 ter
564 4411 627 4496 (vs.
660 4419 738 4493 300,
771 4419 846 4493 393,
879 4419 957 4488 405)
980 4419 1014 4478 in
1038 4433 1078 4478 ea
1099 4417 1210 4478 fabula
1231 4419 1391 4478 nominet.

168 4577 264 4585 ——v—

195 4677 291 4738 1>vid
310 4683 356 4729 Die
373 4684 564 4731 Homerisohen
581 4686 702 4744 Hymnen
720 4684 822 4732 Gemoll
840 4697 867 4743 p.
886 4686 947 4731 114:
968 4684 1054 4740 „Oder
1074 4685 1151 4732 sollte
1168 4685 1214 4731 der
1231 4687 1391 4744 sogencnnte

161 4773 298 4832 pythische
315 4775 434 4833 Hymnus
451 4779 507 4821 erst
523 4776 591 4822 nach
607 4776 774 4835 'l'hnoydides
792 4775 906 4822 lsllsnl“
