3525 5692
557 719 599 763 ou
622 719 841 765 uuofflours
863 721 1058 767 nnuueouru.
1351 715 1415 775 205

192 888 307 950 Proolo
324 889 357 948 id
379 889 463 951 efflei
485 894 595 967 potest
617 905 722 966 neque
747 892 926 953 verisimile
949 893 1079 954 videtur
1102 893 1237 957 Ulixem
1261 897 1417 975 Thespro·

191 1003 303 1062 torum
326 1003 559 1079 imperatorem
583 1008 617 1065 et
635 1021 748 1080 regem
768 1005 954 1068 ventilabro
973 1011 1141 1068 mmatum
1162 1024 1302 1084 regnum
1321 1027 1418 1074 suum

192 1116 423 1189 perlustrasse.
453 1116 589 1195 contra,
620 1119 685 1179 nisi
706 1119 741 1180 in
765 1119 856 1181 ldlide
878 1120 1048 1181 hominem
1067 1121 1162 1182 illum
1186 1123 1329 1202 invenit,
1353 1141 1417 1188 uon

194 1230 289 1291 video
318 1233 481 1305 quomedo
510 1233 617 1294 Procli
647 1233 748 1294 verba
779 1231 900 1310 ,ἔπειτα
931 1235 963 1304 (i.
988 1249 1016 1296 e.
1040 1249 1083 1296 ex
1105 1235 1207 1306 illide)
1231 1237 1272 1308 εἰς
1291 1232 1419 1318 Ἰθάκην

193 1347 400 1416 καταπλεύσας
441 1344 493 1418 τὰς
526 1344 588 1406 ὑπὸ
621 1348 774 1423 Τειρεσίου
808 1345 954 1426 ῥηθείσας
987 1352 1065 1407 τελεῖ
1094 1349 1228 1422 θυσίας’
1263 1354 1421 1429 explicari

192 1458 330 1532 possint.
371 1460 488 1521 Restat
522 1461 621 1522 modo
655 1464 692 1523 ut
724 1464 916 1523 statuamus
949 1461 1202 1537 Eupummouem
1236 1467 1417 1542 episodium

191 1570 272 1632 illud
294 1573 328 1633 in
351 1574 442 1636 Elide
464 1574 656 1637 collocasse.

237 1686 374 1748 Videtur
393 1691 507 1750 autem
526 1691 699 1752 exstitisse
716 1691 868 1766 mythos,
890 1706 953 1764 quo
976 1690 1092 1753 Ulixes
1104 1693 1274 1756 hominem
1286 1691 1420 1757 ἀθαλάτ-

190 1819 295 1859 τεοτον
316 1802 350 1862 in
374 1802 569 1879 Thesprotia
591 1805 759 1865 iuvenisse
780 1806 932 1866 terretur.

235 1913 429 1977 Eustathius
452 1917 493 1977 ad
516 1921 532 1975 λ
558 1918 620 1977 122
644 1932 716 1992 sqq.
740 1920 849 1993 rogat:
875 1917 974 1995 ,τίνες
998 1912 1025 1977 d'
1052 1916 1091 1978 ίίν
1115 1913 1175 1980 τίεν
1199 1920 1231 1981 οί
1247 1920 1289 1999 μὴ
1307 1922 1418 1996 εἰδότες

192 2028 419 2091 Ποσειδῶνα”λ
441 2034 475 2092 θλ
498 2031 602 2092 addit:
630 2030 680 2107 ,σί
701 2026 734 2090 δὲ
756 2030 881 2093 ιταλαιολ
901 2032 1166 2112 βαρβαροφώνοος
1187 2033 1297 2108 τόσους
1317 2037 1418 2107 (MSS.

193 2140 341 2215 δούπονς)
363 2143 529 2224 ἱστοροῦσι,
555 2145 712 2224 Βοννίμαν
738 2141 874 2225 λέγοντές
897 2169 966 2205 τινα
988 2143 1009 2226 ἢ
1032 2145 1168 2208 Κελκίαν
1191 2145 1224 2208 ἐν
1247 2141 1293 2221 οίς
1315 2144 1419 2211 Ὀδυσ-

191 2254 261 2327 σειλς
284 2255 336 2317 τὸν
360 2259 541 2319 Ποσειδῶνα
564 2256 714 2338 ἐτίμησε”.

235 2370 347 2446 steph.
384 2373 462 2449 Byz.
498 2390 525 2434 s.
550 2391 581 2436 v.
614 2373 781 2451 Βούνειματ
814 2372 922 2450 ,πόλις
941 2367 1087 2453 Ἠπείρου
1112 2371 1288 2455 οὐδετέρως,
1311 2376 1419 2455 κτίσμα

188 2477 369 2559 Ὀδυσσέως,
390 2482 429 2563 ἣν
452 2485 548 2547 ἔκτισε
570 2487 700 2565 πλησίον
727 2490 907 2566 Τραμιιύας,
929 2485 1032 2566 λαβὼν
1056 2487 1205 2567 χρησμόν,
1224 2487 1326 2550 ἐλθεῖν
1345 2490 1420 2572 πρὸς

192 2594 306 2676 ἄνδρας
330 2599 361 2659 οἳ
383 2599 440 2661 οὐκ
462 2599 544 2661 ἴσασι
566 2602 746 2662 θάλασσαν·
769 2602 848 2680 βοῦν
872 2592 929 2661 οὖν
952 2601 1068 2678 θύσας,
1090 2599 1205 2661 invto?
1223 2598 1254 2673 1).

236 2713 374 2776 Tuetzes
397 2716 438 2776 ad
460 2717 622 2793 Lycophr.
645 2716 741 2778 Alex.
766 2732 817 2777 vs.
841 2717 922 2777 791:
949 2714 1134 2794 ,Τράμαοια
1157 2714 1243 2788 πόλις
1262 2712 1425 2798 Ἠπείρου,

193 2823 272 2886 ἔνθα
295 2826 368 2904 μετὰ
390 2829 498 2889 νίστον
518 2823 682 2902 Ὀδυσσεὺς
704 2826 842 2907 ἀπῆλθε,
863 2827 949 2889 καθὰ
972 2826 1024 2888 καλ
1037 2825 1171 2909 Ὅμηρος
1195 2829 1304 2909 γράφει
1327 2854 1354 2892 κ.
1363 2856 1386 2893 τ.
1395 2837 1421 2894 λ.

193 2937 310 3018 ἐτιμᾶτο
334 2938 367 3002 δὲ
389 2940 422 3002 ἐν
445 2953 482 3027 τῇ
507 2944 657 3028 Τραμιιύρ
680 2942 732 3004 καὶ
756 2940 772 3004 ὁ
792 2937 989 3015 Ὀδνσσεύς”.

237 3057 334 3119 Paus.
359 3058 389 3134 I,
415 3059 470 3135 12,
496 3062 531 3121 5:
561 3054 773 3139 ,Ἠιιειρα”οιαι,
796 3060 826 3119 οἲ
844 3055 921 3137 μηδὲ
944 3054 1077 3135 ἁλούσης
1098 3051 1188 3118 Ἰλίοο
1211 3058 1372 3119 θάλασσαν
1396 3059 1428 3120 οί

192 3169 313 3249 πολλοί,
328 3168 405 3249 μηδὲ
421 3168 508 3232 ἁλσὶν
525 3169 688 3251 ἠπίσταντό
706 3194 753 3233 uu
772 3176 915 3252 χρῆσθαι.
936 3176 1085 3250 μαρτυρεῖ
1099 3168 1133 3231 δέ
1152 3193 1205 3247 μοι
1224 3170 1275 3232 καλ
1289 3167 1423 3253 Ὁμήρου

194 3281 267 3356 ἕτιος
287 3282 319 3344 ίν
339 3280 496 3369 Ὀδνσσείρι
518 3309 544 3346 κ.
557 3310 580 3346 τ.
593 3288 641 3346 λ.”

239 3399 303 3460 Ubi
342 3402 395 3460 hio
430 3402 568 3476 mythos
602 3401 727 3476 plenior
761 3400 966 3461 inveniretur
999 3399 1182 3475 nescimus,
1217 3400 1275 3461 sed
1309 3416 1425 3462 omues

195 3517 360 3589 auctores,
384 3515 440 3588 qui
462 3514 571 3575 Ulixis
593 3515 657 3575 iter
675 3514 792 3574 lileum
813 3513 998 3573 omiserunt
1017 3513 1057 3572 ad
1076 3512 1230 3585 mythum
1251 3515 1424 3587 antiquum

194 3630 412 3690 reverterunt.
436 3629 490 3690 Sic
512 3632 546 3690 in
569 3630 721 3705 lipitoma
744 3628 945 3702 Sabbaitiea,
971 3628 1026 3688 uhi
1049 3628 1088 3687 de
1111 3627 1221 3687 Ulixis
1244 3631 1277 3687 in
1297 3627 1423 3688 Elidem

194 3742 311 3803 itinere
330 3743 419 3804 καλλο
438 3742 634 3818 timendo,
654 3744 753 3804 heros
772 3743 880 3820 procis
899 3742 1083 3803 interfectis
1101 3741 1207 3802 statim
1222 3757 1278 3815 per
1289 3740 1423 3816 Epirum

195 3855 236 3916 ad
266 3856 469 3933 Thesprotos
498 3856 724 3933 proficiscitur,
756 3858 813 3918 ubi
843 3858 881 3917 de
913 3856 1058 3917 Tiresiae
1082 3855 1251 3918 mandatis
1273 3856 1424 3931 Neptuno

195 3969 370 4032 merificat.
399 3972 511 4046 Neque
541 3988 595 4032 me
617 3972 703 4047 fugit
725 3972 760 4033 Ε.
785 3973 953 4047 Meyerum
978 3983 1169 4031 asseverare
1192 3968 1423 4043 Apollodorum

195 4084 231 4143 τὰ
254 4082 286 4144 ἐν
302 4082 404 4143 Ἤλιδι
426 4086 562 4146 fortuito
585 4087 773 4162 transiisse,
798 4087 856 4168 sed
879 4085 947 4146 tale
970 4086 1204 4160 argumentum
1229 4098 1271 4142 ex
1293 4083 1426 4144 silentio

195 4215 332 4276 paucos,
352 4201 476 4277 opinor,
497 4200 645 4261 inveniet
663 4201 892 4260 admiraturae.
912 4198 1132 4274 Apollodorus
1151 4197 1237 4256 haud
1257 4196 1352 4256 dubie
1364 4196 1426 4256 sub

196 4315 301 4406 oeulis
334 4314 449 4375 habuit
477 4331 543 4375 nou
573 4314 784 4389 Telegouiam
815 4315 872 4374 sed
903 4312 1154 4388 Thesprotidem
1186 4311 1293 4384 illam,
1323 4325 1423 4383 quam

197 4428 375 4510 Sophooles
398 4428 569 4504 tragoedia
591 4442 653 4488 sua
674 4427 869 4500 divulgavit.

240 4544 438 4604 Rectissime
468 4557 546 4603 vero
576 4541 742 4601 Svoronos
765 4540 786 4601 l.
806 4541 827 4602 l.
853 4556 870 4599 e
894 4539 1001 4600 Procli
1025 4538 1134 4599 verbis
1157 4536 1266 4599 effecit
1288 4536 1422 4598 Ulixem

231 4788 250 4854 ¹)
267 4791 390 4844 Buuimu‚
407 4794 437 4838 ut
453 4794 543 4837 monet
560 4790 674 4845 Wilam„
691 4786 816 4849 apparuit
833 4785 860 4834 in
877 4787 966 4847 lupide
984 4786 1129 4833 dodonaeo.
1147 4785 1231 4833 Uauer
1248 4784 1298 4832 del.
1316 4783 1374 4832 lt'l.
