3525 5692
401 666 463 724 142
866 681 908 725 un
930 681 1154 726 inprouisus.

393 851 532 925 quaevis
558 851 749 928 praebebat,
774 854 846 913 erat
868 852 989 929 situm,
1015 853 1187 914 Strabonis
1210 856 1323 914 autem
1346 854 1456 914 aetate
1479 854 1604 914 contine-

394 967 451 1027 bat
473 981 535 1026 sex
557 965 651 1026 milia
672 965 856 1043 ἱεροδούλων
877 967 1042 1040 utrimque
1063 983 1167 1029 senus.
1186 969 1342 1029 Praeerat
1359 968 1511 1028 sacerdos
1528 982 1608 1027 sanc·

395 1080 562 1155 tissimus,
593 1080 649 1155 qui
680 1080 731 1140 bis
761 1095 889 1155 quoque
920 1096 1018 1158 anno,
1047 1097 1123 1142 cum
1153 1082 1234 1142 deae
1256 1082 1473 1142 simulacrum
1496 1081 1612 1155 ingenti

395 1208 517 1269 pompa
551 1209 569 1254 e
599 1194 723 1268 templo
755 1194 962 1271 efferebatur,
995 1195 1148 1256 diadema
1178 1195 1330 1270 gestabat
1351 1191 1402 1253 καὶ
1424 1184 1464 1271 ἦν
1487 1194 1612 1272 δεύτερος

395 1305 470 1366 κατὰ
503 1306 593 1385 τιμὴν
628 1306 700 1385 μετὰ
734 1306 786 1367 τὸν
816 1305 950 1387 βασιλέα.
980 1307 1129 1383 Cumque
1160 1308 1307 1370 Comana
1329 1311 1442 1369 essent
1464 1305 1612 1386 ἒμπορεῐυν

396 1426 457 1493 τοῖς
488 1418 548 1480 ἀπὸ
578 1429 631 1499 τῆς
662 1420 815 1500 Ἀρμενίας
838 1418 1009 1502 ἀξιόλογον,
1034 1423 1131 1483 festis
1154 1422 1220 1482 illis
1244 1421 1360 1483 diebus
1383 1422 1526 1495 undique
1546 1421 1615 1481 illuc

396 1535 605 1596 confluebant
644 1535 805 1597 mortales
846 1538 884 1596 ut
924 1539 1003 1597 vota
1036 1536 1207 1597 solverent
1241 1537 1478 1612 voverentque,
1514 1536 1614 1610 plures

395 1650 498 1709 etiarn
523 1652 560 1709 ut
581 1651 741 1725 temporis
764 1650 886 1724 aliquid
909 1651 995 1712 laete
1017 1652 1226 1727 peragerent,
1245 1664 1422 1710 numerum
1442 1648 1615 1710 incolarum

393 1762 563 1824 luxuriose
587 1765 772 1825 viventium
794 1764 945 1839 impense
964 1767 1136 1840 augentes
1156 1765 1205 1824 Ibi
1220 1763 1612 1838 tunceaomniafiebaut,

395 1893 480 1952 quae
513 1892 589 1938 cum
624 1877 834 1938 orientalium
871 1879 1015 1939 cultibus
1046 1879 1216 1938 ecstaticis
1247 1911 1287 1920 —
1318 1875 1504 1956 θεοφόρητοι
1535 1877 1613 1937 enim

396 1993 628 2066 nuncupantur
658 1991 738 2053 deae
768 1992 802 2051 in
832 1992 1002 2068 publicum
1034 1993 1226 2068 prodeuntis
1257 1992 1435 2067 stipatores
1466 2027 1507 2034 -
1536 1993 1616 2051 arcte

395 2105 571 2166 coniuncta
611 2119 685 2165 esse
720 2105 846 2166 scimus
881 2121 1013 2183 omnes,
1050 2107 1122 2167 sive
1157 2107 1311 2179 antiquos
1345 2106 1416 2166 sive
1450 2105 1617 2166 hodiernos

395 2220 597 2293 spectamus.
618 2219 806 2280 Accedebat
825 2222 938 2280 autem
959 2223 995 2280 ut
1015 2221 1170 2296 oppidum
1191 2221 1318 2296 ingenti
1337 2221 1430 2294 copia
1445 2219 1617 2279 mulierum

394 2348 527 2407 corpore
557 2336 733 2406 quaestum
763 2334 958 2395 facientium
989 2335 1202 2412 redundaret,
1231 2336 1382 2408 essetque
1406 2334 1526 2394 harum
1549 2349 1619 2408 pars

395 2446 500 2507 maior
523 2462 565 2506 ex
586 2447 669 2521 ipsis
692 2447 872 2508 hierodulis
896 2449 1081 2524 conscripta
1098 2443 1130 2519 ¹).

440 2559 522 2635 Quid
551 2561 627 2622 hine
658 2561 841 2622 discimus?
872 2562 1037 2638 Primum,
1070 2577 1135 2623 non
1159 2562 1250 2622 solas
1274 2561 1430 2622 mulieres
1453 2561 1512 2622 sed
1535 2561 1618 2620 viros

393 2673 489 2734 iuxta
510 2674 654 2736 feminas
676 2676 792 2751 templi
814 2676 1007 2737 muneribus
1031 2692 1105 2737 esse
1127 2676 1275 2750 tunctos;
1299 2675 1415 2735 deinde
1437 2672 1619 2736 hierodulas

394 2787 483 2864 illas,
519 2790 556 2863 ut
589 2789 623 2849 in
658 2789 792 2864 regione
827 2789 1008 2866 uberrima,
1041 2805 1106 2851 non
1137 2805 1234 2851 secus
1265 2805 1303 2850 ac
1334 2789 1423 2849 viros
1447 2803 1466 2848 a
1489 2790 1619 2848 strenuo

394 2901 507 2964 labore
529 2902 633 2965 fuisse
656 2919 754 2977 quam
779 2905 929 2966 maxime
953 2903 1097 2979 alienas;
1122 2905 1261 2978 denique
1284 2902 1400 2978 templi
1423 2901 1530 2976 ipsius
1549 2901 1620 2976 legi-

395 3014 457 3075 bus
479 3015 658 3077 obstrictas
681 3033 738 3078 eas
760 3018 901 3079 minime
921 3033 941 3078 a
960 3018 1107 3078 virorum
1126 3016 1327 3078 commercio
1346 3016 1549 3076 abstinuisse
1568 3015 1620 3075 sed

397 3128 525 3203 copiam
548 3130 600 3190 sui
623 3132 768 3206 corporis
791 3131 926 3192 cuilibet
948 3131 1078 3209 fecisse,
1105 3131 1186 3193 deae
1208 3131 1259 3192 oui
1282 3129 1472 3192 serviebant
1494 3132 1618 3204 gratum

395 3241 427 3300 id
450 3246 688 3318 acceptumque
712 3246 813 3306 ratas.
1315 3237 1317 3240 ⁵

440 3353 657 3417 Conferamus
680 3373 766 3418 nunc
788 3359 879 3420 hisce
903 3375 978 3420 cum
1004 3329 1198 3420 mulieribus
1221 3359 1422 3434 Amazones,
1446 3358 1561 3431 quales
1584 3373 1620 3418 ex

396 3468 568 3544 Hippolyti
597 3471 708 3531 fabula
731 3472 813 3532 nulli
834 3488 900 3534 non
923 3474 1147 3533 innotuerunt.
1173 3471 1259 3548 Quae
1285 3472 1412 3533 virilem
1435 3472 1619 3532 contactum

395 3586 556 3658 spernunt
586 3600 646 3646 nec
676 3585 742 3645 nisi
773 3587 880 3647 victae
909 3587 1107 3661 vinctaeque
1132 3601 1282 3647 amorem
1304 3585 1494 3661 patiuntur;
1520 3585 1621 3646 vitant

395 3697 501 3756 vitam
524 3713 609 3772 quae
631 3698 721 3758 intra
740 3698 872 3760 urbium
892 3700 1024 3760 moenia
1044 3703 1078 3760 et
1096 3700 1241 3775 parietes
1258 3699 1404 3760 molliter
1423 3701 1457 3760 et
1474 3698 1620 3773 languide

396 3809 540 3884 degitur;
576 3812 701 3872 habent
735 3813 770 3873 in
800 3812 927 3874 deliciis
957 3813 1064 3874 vitam
1095 3813 1188 3874 illam
1217 3813 1355 3874 liberam
1380 3815 1478 3887 atque
1500 3812 1618 3872 laetam

397 3937 462 3996 qua
502 3923 656 3986 fruuntur
691 3942 771 3988 aves
805 3928 839 3987 in
873 3927 982 4004 silvis,
1020 3927 1203 3988 virentibus
1237 3928 1271 3987 in
1306 3927 1435 4002 campis
1467 3926 1618 3986 hinnulei.

396 4035 565 4110 Vagantur
584 4039 790 4112 Amazonem
810 4041 925 4102 sedem
944 4044 1081 4102 servant
1098 4040 1307 4115 hierodulae;
1323 4040 1488 4101 suntillae
1501 4042 1618 4114 castae,

397 4151 564 4228 strenuae,
591 4152 709 4230 fortes,
733 4154 795 4215 hae
819 4157 932 4216 autem
956 4155 1088 4232 mellea,
1113 4156 1185 4216 sine
1209 4153 1336 4236 nervis,
1360 4154 1521 4228 impurae.
1546 4152 1619 4228 Quid

396 4244 496 4338 igitur
526 4266 653 4327 Amazo
683 4282 766 4342 equo
799 4270 907 4345 vecta,
939 4269 1062 4330 Dianae
1091 4269 1181 4328 socia
1210 4268 1420 4344 dignissima,
1451 4279 1619 4327 commune

397 4377 497 4438 habet
520 4395 596 4440 eum
620 4381 758 4441 hetaera
778 4381 958 4442 orientali?

433 4654 453 4722 ¹)
469 4660 563 4707 Strabo
577 4674 602 4720 p.
618 4663 681 4710 557:
698 4668 807 4723 „nitidos
821 4673 938 4728 γυναικῶν
952 4671 997 4710 τῶν
1014 4663 1172 4728 Ιργαζομένων
1189 4664 1237 4710 bnt
1255 4671 1297 4711 τοῦ
1315 4667 1431 4722 σώματος,
1447 4661 1478 4729 o'rv
1495 4669 1520 4711 111
1538 4669 1621 4718 niriovr

398 4751 456 4796 alab
475 4752 558 4815 1ερα1.”
