3525 5692
666 688 708 730 nn
733 689 842 733 Amor.
1304 675 1366 734 109

190 858 326 939 ,συνέβη
348 871 402 943 μιᾳ
424 857 603 943 στελλομίνη
626 857 659 920 ἔκ
682 859 835 938 Λοκρίδος
858 860 1073 940 διαφθαρῆναι
1097 859 1148 921 ἐπί
1168 882 1248 931 τινος
1271 860 1369 936 λόφον

145 982 196 1051 τῆς
228 974 339 1052 Τροίας
362 970 551 1051 καλουμένου
576 975 746 1051 Τράροινος·
769 967 832 1034 εἶτα
854 972 924 1045 τοὺς
948 972 1090 1051 Λοκροὺς
1112 972 1167 1051 τὴν
1189 971 1244 1053 μὲν
1267 975 1371 1051 θάψαι

146 1095 294 1173 σιωπῆσαι
327 1083 361 1146 dl
392 1084 443 1146 καί
473 1085 576 1164 μηκέτι
610 1085 739 1164 πέμπειν
772 1086 824 1158 τὰς
854 1086 983 1165 παῖδας,
1011 1087 1185 1165 φάσκοντας
1214 1093 1370 1166 πεπληρῶ-

145 1206 220 1260 σθαι
249 1200 303 1262 τδν
332 1210 393 1262 τῶν
421 1199 497 1261 ίτῶν
527 1200 647 1281 χρόνον·
678 1199 828 1280 ἀκαρπίας
859 1198 892 1262 δὲ
914 1202 1122 1280 κατασχούσης
1144 1201 1256 1274 αὐτοὺς
1278 1203 1370 1262 πάλιν

143 1312 271 1391 πέμπειν
301 1312 403 1376 οὐκέτι
433 1314 491 1375 δύο
521 1312 596 1375 ἀλλὰ
625 1315 710 1392 μίαν,
734 1313 892 1394 ἀρκοῦσαν
914 1309 992 1376 εἶναι
1015 1314 1182 1388 δοκοῦντας
1204 1314 1259 1392 τήν
1282 1339 1371 1393 τιμα·

142 1427 222 1503 ρίαν·
251 1425 268 1489 δ
298 1425 333 1488 δὲ
361 1427 492 1508 χρησμὸς
523 1427 580 1489 οδκ
608 1421 685 1506 εἶχεν
712 1426 880 1506 ὡρισμένον
904 1429 1022 1507 χρόνον·
1046 1422 1106 1487 dil’
1132 1429 1187 1500 είς
1210 1429 1229 1488 δ
1236 1429 1281 1489 do
1304 1426 1370 1489 ἀντὶ

142 1550 195 1619 τῆς
229 1539 350 1613 ἀδικίας
383 1541 485 1613 <ιίς>
518 1540 573 1618 τὴν
607 1541 842 1619 Κασσάνδραν”.

186 1655 340 1731 Virgines
373 1657 485 1730 igitur,
516 1656 596 1717 licet
628 1656 761 1717 Troiani
794 1671 854 1716 eas
888 1657 1172 1732 persequerentur,
1207 1656 1367 1716 comitum

141 1771 323 1844 sagacitate
346 1771 380 1829 et
402 1770 576 1844 vigilantia
596 1769 664 1830 iere
688 1785 821 1844 semper
844 1769 960 1830 salvae
983 1767 1175 1829 evadebant.
1199 1769 1259 1843 At,
1283 1771 1370 1830 sicut

141 1884 311 1945 Plutarchi
339 1886 448 1946 aetate
479 1884 591 1945 Zoilus
621 1885 776 1945 sacerdos
806 1883 1046 1945 Orchomenius
1076 1881 1239 1956 virginem
1269 1897 1368 1954 quam

141 1999 174 2058 in
203 1998 370 2072 Agrioniis
392 1998 510 2057 stricto
533 1997 642 2072 gladio
664 1997 925 2072 persequebatur
947 1995 1122 2057 infeliciter
1144 1995 1275 2055 necavit
1298 1995 1367 2071 (Qu.

143 2111 196 2174 Gr.
227 2112 294 2186 38),
321 2111 371 2171 iia
399 2109 529 2186 puellae
559 2110 692 2171 cuidam
725 2126 743 2170 e
773 2109 910 2170 Locride
932 2109 1057 2169 missae
1080 2108 1203 2169 infelici
1224 2109 1366 2181 quodam

140 2239 220 2285 casu
250 2223 374 2298 evenit,
406 2225 445 2282 ut
474 2222 629 2302 Traronis
657 2223 691 2282 in
722 2223 805 2284 colle
836 2223 1010 2283 amitteret
1040 2221 1156 2282 vitem.
1188 2222 1369 2283 Locrenses

140 2352 232 2412 vero,
253 2351 392 2411 quorum
411 2351 509 2397 curae
529 2336 663 2412 misera,
684 2339 722 2396 nt
740 2338 816 2396 tnta
834 2336 1002 2396 Minervae
1021 2334 1061 2394 ad
1075 2335 1190 2395 aedem
1204 2338 1369 2414 evaderet,

140 2452 212 2511 erat
227 2451 421 2526 commissa,
442 2452 611 2510 mortuam
630 2449 857 2525 sepeliverunt
868 2444 1018 2522 (videsne
1031 2463 1072 2508 ne
1085 2449 1221 2509 verbum
1235 2451 1367 2524 quidem

140 2563 210 2624 fleri
236 2564 276 2623 de
298 2563 536 2623 consuetudine
560 2577 579 2622 a
603 2560 808 2623 callimacho
832 2563 1032 2636 memorata,
1053 2577 1118 2634 qua
1136 2562 1268 2623 Troiani
1288 2580 1371 2624 mor·

139 2678 215 2737 tuas
234 2675 426 2737 comburere
450 2675 542 2735 soliti
561 2675 665 2737 inisse
685 2675 879 2736 dicebantur
887 2677 914 2745 1)
940 2677 1107 2736 maestam
1127 2690 1198 2735 rem
1218 2682 1373 2752 parentes

138 2791 340 2863 celaverunt,
374 2789 630 2863 magistratibus
659 2789 741 2849 solis
773 2789 978 2849 nuntiarunt.
1003 2789 1095 2850 'runc
1118 2798 1304 2868 senatores,
1331 2809 1371 2854 ne

139 2904 205 2964 tale
227 2904 305 2977 quid
328 2903 450 2962 iterum
473 2902 582 2977 fleret,
607 2902 802 2963 edixerunt:
825 2901 1003 2977 ,populum
1023 2902 1090 2962 iam
1107 2904 1191 2962 satis
1210 2920 1372 2980 superque

87 3047 90 3052 ·
140 3016 272 3077 oraculo
295 3016 510 3092 oboedivisse,
534 3016 761 3090 praeterlapsa
784 3030 859 3075 esse
881 3015 1016 3076 saecula
1034 3014 1154 3088 quibus
1173 3017 1370 3080 sacrificium

78 3158 80 3161 ·
140 3133 230 3192 esset
250 3130 453 3191 mittendum
475 3131 589 3205 itaque
611 3130 740 3205 placere
765 3133 802 3190 ut
823 3144 899 3190 mos
920 3130 1130 3204 abrogetur.'’
1154 3130 1235 3190 Ecce
1259 3135 1370 3194 autem

139 3244 300 3304 sterilitas
323 3258 421 3318 agros
444 3243 597 3304 vexabat.
621 3243 705 3303 Tum
730 3259 750 3302 a
772 3243 836 3303 diis
859 3242 1024 3303 admoniti
1046 3257 1174 3303 morem
1199 3244 1370 3318 antiquum

139 3358 320 3417 Locrenses
343 3357 588 3431 instaurarunt,
610 3356 668 3416 sed
689 3371 746 3430 pro
766 3355 894 3416 duabus
915 3389 956 3400 —
977 3356 1060 3416 duae
1078 3357 1166 3416 enim
1187 3357 1371 3417 mittendae

140 3472 237 3530 erant
268 3469 423 3544 quoniam
454 3469 552 3544 longo
581 3471 732 3544 tempore
755 3469 952 3530 intermisso
975 3471 1114 3542 utraque
1136 3483 1234 3528 serva
1256 3469 1373 3530 Troiae

141 3585 273 3643 mortua
296 3584 368 3642 erat
393 3615 433 3625 -
458 3597 560 3642 unam
584 3583 683 3644 modo
707 3597 842 3642 servam
866 3582 1036 3642 Minervae
1053 3581 1213 3642 Troianae
1233 3582 1370 3643 devove-

56 3705 59 3712 ’
139 3698 234 3770 runt3
259 3697 308 3756 sic
330 3695 416 3755 satis
440 3710 515 3755 esse
537 3696 613 3756 rati.

184 3809 296 3870 Monet
329 3808 494 3869 scholium
529 3810 592 3870 hac
625 3809 658 3869 in
694 3824 729 3870 re
764 3810 948 3870 Locrenses
982 3808 1153 3869 oraculum
1184 3823 1248 3870 non
1280 3813 1369 3890 recte

138 3935 212 3981 esse
251 3921 502 3996 interpretatos,
534 3922 620 3994 quod
651 3922 740 3982 hand
779 3922 876 3982 dubie
907 3921 1002 3984 binae
1043 3937 1160 3982 servas
1201 3923 1367 3999 exigeret;

138 4035 178 4094 de
207 4037 358 4107 tempore
388 4036 502 4094 autem
533 4034 581 4094 nii
603 4034 709 4095 inisse
732 4038 910 4096 statutum,
935 4034 1026 4111 Quod
1057 4035 1219 4096 scholium
1244 4041 1371 4107 (exstat

138 4149 178 4208 ad
214 4163 264 4208 vs.
302 4149 399 4217 1159)
433 4149 559 4223 optime
598 4149 753 4224 coniungi
793 4151 905 4224 potest
939 4163 1014 4209 cum
1053 4149 1108 4224 iis,
1145 4164 1229 4222 quae
1266 4165 1369 4226 supra

138 4276 158 4320 a
187 4261 322 4321 Timaeo
354 4263 442 4336 (Lyc.
474 4261 569 4322 Alex.
593 4264 689 4333 1155)
710 4263 916 4340 accepimus,
948 4278 1076 4324 necnon
1106 4278 1182 4323 cum
1205 4264 1260 4339 iis,
1286 4280 1369 4337 quae

138 4375 171 4434 in
206 4374 354 4450 epitoma
387 4375 493 4435 relata
517 4376 641 4436 —sed
669 4375 757 4437 haud
788 4376 886 4437 dubie
916 4376 1051 4437 Timaeo
1080 4376 1191 4436 debita
1215 4411 1256 4420 -
1279 4378 1367 4439 inve·

138 4488 263 4550 nimus.

180 4600 371 4662 conicimus
401 4603 503 4673 igitur
535 4602 632 4678 paulo
662 4606 737 4677 post
768 4603 892 4663 bellum
918 4603 1117 4664 Phoenicum
1142 4618 1271 4664 morem
1295 4621 1369 4665 esse

137 4715 379 4790 interruptum,
402 4718 518 4790 postea
542 4730 620 4776 vero
643 4716 678 4775 in
701 4717 868 4791 integrum
893 4732 967 4778 esse
990 4717 1195 4778 restitutum.
