3525 5692
394 679 437 757 68
916 707 1091 755 naamon.

392 887 474 946 deus
495 881 607 956 igitur,
632 880 685 941 cui
709 893 805 940 sacra
827 882 900 940 erat
921 877 1012 958 Ἀργὼ
1035 887 1110 938 πᾶσι
1133 876 1265 957 μέλουσα
1280 882 1505 961 ([Apollod.]l,
1519 887 1549 962 o,
1564 887 1614 957 27)

392 998 543 1061 dedicata
573 993 613 1055 ab
644 980 762 1054 Iasone
792 995 968 1068 postquam
993 1008 1011 1054 e
1034 994 1170 1054 navium
1195 995 1377 1058 certamine
1399 997 1525 1060 victrix
1545 1015 1613 1061 eva-

309 1163 310 1166 ,
383 1116 490 1177 serat.
513 1109 640 1172 Nomen
664 1122 756 1186 vero,
780 1108 865 1181 quod
888 1107 1063 1182 Neptunus
1085 1109 1221 1183 gerebat
1243 1108 1417 1187 Troezene,
1442 1117 1516 1175 erat
1533 1114 1612 1190 Phy-

390 1226 537 1288 talmlus.

437 1338 611 1416 Φονάλμιον
640 1334 735 1397 αὐτὸν
765 1334 968 1412 ἐπωνόμασαν
999 1333 1102 1413 ἐπειδὴ
1133 1343 1187 1395 τοῦ
1211 1336 1350 1411 φύεσθαι
1372 1336 1409 1396 τὰ
1432 1336 1463 1397 ἐκ
1485 1348 1538 1417 τῆς
1560 1351 1612 1422 γῆς

388 1453 531 1533 γινόμενα
560 1447 717 1530 nepotata
747 1447 827 1509 ἐστιν
858 1446 1037 1519 (Cornutus
1067 1450 1131 1519 22).
1156 1450 1286 1511 Numen
1309 1451 1411 1526 igitur
1436 1453 1499 1514 fuit
1521 1471 1611 1530 vege·

387 1568 536 1630 tationis.
572 1565 634 1626 Sed
668 1579 727 1639 pro
762 1562 904 1624 vinculis
937 1577 1021 1635 quae
1055 1563 1143 1623 inter
1170 1563 1372 1624 Troezenem
1402 1569 1437 1627 ot
1466 1567 1613 1630 Athenas

386 1681 565 1743 exstabant
597 1679 787 1754 Neptunum
817 1674 1046 1750 Phytalmium
1071 1675 1106 1735 in
1129 1675 1244 1736 Attica
1266 1691 1395 1751 quoque
1418 1679 1613 1744 honoratum

385 1795 489 1856 tuisse
517 1792 692 1854 mirabitur
714 1804 830 1863 nemo;
863 1787 1034 1849 colebatur
1057 1788 1090 1847 in
1114 1791 1213 1863 gente
1235 1796 1295 1848 τῶν
1321 1791 1514 1870 Φυταλιδῶν,
1539 1810 1611 1876 quo-

384 1923 457 1969 rum
481 1910 641 1983 patronus
668 1904 804 1974 Φύσαλος
829 1903 985 1964 Generum
1006 1902 1133 1977 primus
1152 1902 1242 1966 domi
1255 1904 1431 1981 'excepisse
1449 1906 1613 1970 ferebatur

383 2022 492 2092 (Paua.
517 2021 542 2096 I,
567 2021 621 2095 37,
647 2020 687 2089 2).
718 2016 757 2077 In
788 2017 911 2077 honore
941 2031 1070 2091 quoque
1101 2018 1173 2076 erat
1203 2015 1414 2094 Anthedone,
1442 2020 1497 2080 uhi
1519 2027 1611 2096 pater

383 2135 564 2195 habebatur
585 2133 754 2207 picentum
777 2130 1009 2192 Aloeadarum.
1034 2130 1077 2190 Ei
1099 2132 1133 2190 in
1156 2129 1252 2191 caria
1271 2146 1399 2206 quoque
1418 2135 1488 2195 noti
1507 2139 1609 2198 erant.

381 2249 527 2323 Denique
549 2247 656 2308 Rhodi
680 2246 889 2321 Phytalmius
912 2244 1056 2306 habehat
1077 2245 1254 2320 templum.

426 2362 586 2439 Quoniam
617 2360 906 2421 Halicarnassensi
936 2359 970 2418 iu
1000 2361 1182 2419 stemmate
1209 2358 1334 2419 Telamo
1356 2360 1447 2421 audit
1470 2358 1611 2438 Neptuni

380 2474 482 2552 filius,
508 2475 650 2551 Hypenes
672 2476 796 2549 contra,
818 2474 873 2546 qui
897 2474 983 2548 apud
1006 2471 1206 2533 Pausaniam
1221 2472 1364 2548 Neptuno
1386 2474 1490 2535 utitur
1501 2479 1608 2551 patre,

380 2591 412 2648 in
433 2588 510 2649 'hoo
546 2589 726 2648 stemmate
760 2585 935 2646 Telamonia
964 2588 1101 2646 vocatur
1128 2585 1230 2660 filium
1261 2587 1418 2659 quoniam
1452 2587 1609 2662 Alcyonei

379 2702 400 2762 i.
415 2717 443 2762 e.
467 2700 656 2762 Telamonis
679 2698 737 2760 tilii
761 2713 882 2760 nomen
907 2699 1043 2759 ductum
1064 2701 1116 2759 est
1136 2697 1176 2758 ab
1189 2698 1351 2775 Alcyone,
1373 2700 1414 2760 ah
1433 2700 1491 2760 illa
1509 2702 1609 2776 igitur

379 2829 461 2888 quae
498 2814 595 2889 vulgo
629 2813 765 2888 Neptuni
799 2812 941 2872 hahetur
977 2827 1072 2886 uxor,
1104 2811 1248 2886 suspicio
1283 2812 1388 2873 oritur
1422 2813 1609 2875 Telamonis

379 2943 500 2989 nomen
533 2928 633 3002 ipsine
664 2926 801 3002 Neptuni
831 2925 936 2985 tuisse
966 2939 1160 2999 cognomen.
1192 2925 1398 3001 Quaeramus
1421 2941 1502 2988 num
1525 2926 1610 2987 forte

377 3042 511 3102 exstent
532 3042 748 3116 argumenta,
774 3039 893 3113 quihus
916 3038 999 3098 haec
1021 3038 1165 3112 suspicio
1189 3038 1395 3099 corroborari
1416 3040 1531 3113 possit.

420 3153 611 3215 Telamonis
644 3167 765 3214 nomen
797 3151 1039 3226 seiungendum
1077 3165 1142 3212 uon
1172 3154 1225 3212 est
1256 3151 1296 3212 ab
1327 3152 1403 3212 aliis
1426 3169 1469 3214 ex
1492 3154 1604 3215 eadem

306 3302 334 3350 α
375 3268 478 3342 stirpe
500 3271 552 3326 τλα
576 3267 683 3327 ductis
706 3266 802 3340 quale
827 3267 880 3327 est
906 3263 1097 3340 Τλαμονίδας
1121 3264 1217 3336 (Xon.
1237 3266 1323 3326 Hell.
1337 3266 1377 3340 V,
1399 3267 1430 3342 3,
1452 3268 1495 3337 3).
1516 3267 1605 3329 Gom·

375 3380 562 3454 ponendum
575 3381 688 3455 ,igitur
710 3382 763 3441 est
786 3393 861 3440 cum
886 3377 1021 3438 Atlante.

418 3494 515 3555 Hunc
537 3508 630 3569 vero,
654 3494 706 3555 cui
729 3491 829 3581 πάσης
851 3489 1010 3569 θαλάσσης
1027 3487 1142 3568 βένθεα
1165 3493 1245 3553 nota
1264 3494 1372 3566 erant,
1393 3493 1491 3554 deum
1503 3494 1605 3554 fuisse

375 3609 541 3668 marinum
576 3608 645 3667 iam
679 3606 779 3668 multi
813 3607 891 3666 ante
921 3619 983 3665 nos
1012 3604 1234 3666 coniecerunt.
1265 3604 1485 3674 conferantur
1509 3607 1605 3668 modo

374 3735 490 3782 vorsus
514 3719 532 3780 ὃ
557 3720 622 3782 384
647 3736 737 3795 sqq.:

505 3831 651 3893 παλέεταί
671 3856 714 3904 τις
738 3831 828 3911 δεῦρο
852 3829 949 3912 γέρων
973 3830 1056 3903 ἅλιος
1080 3829 1228 3912 νημερτὴς

505 3943 662 4017 ἀθάνατος
686 3944 828 4025 Πρωτεὺς
852 3943 1037 4024 Αἰγύπτιος,
1060 3942 1093 4015 ὅς
1116 3944 1327 4023 cadaloicum

504 4057 603 4137 πάσης
627 4055 741 4137 βένθεα
763 4058 867 4135 folda,
891 4056 1107 4129 Ποσειδάωνος
1130 4055 1286 4135 ὑποδμώς.

369 4172 461 4234 Siout
484 4195 503 4230 α
527 4173 570 4234 52
593 4173 633 4234 de
655 4173 795 4235 Atlante
820 4172 958 4233 dicitur:
982 4169 1041 4249 ἔχει
1064 4167 1098 4230 δέ
1120 4191 1150 4230 τε
1172 4170 1278 4242 κίονας
1301 4167 1393 4242 αὐτὸς

502 4283 632 4366 μακρὰς,
655 4286 688 4346 αἳ
709 4284 801 4366 γαῖάν
824 4306 854 4345 σε
877 4281 928 4344 καὶ
953 4281 1087 4363 οὐρανὸν
1110 4281 1208 4360 ἀμφὶς
1231 4281 1368 4362 ἔχουσιν,

365 4401 414 4460 sic
447 4400 571 4475 posteri
614 4399 807 4461 cecinerunt
842 4399 881 4459 de
916 4397 1027 4459 Protei
1061 4397 1228 4459 columnis
1262 4399 1349 4459 mari
1382 4398 1416 4460 in
1450 4386 1601 4460 orientali

365 4515 503 4589 positis:

563 4627 696 4688 Atrides
720 4627 831 4688 Protei
855 4627 1027 4688 Menelaus
1050 4627 1197 4700 adusque
1220 4625 1393 4686 columnas

563 4739 680 4800 exulat
702 4739 811 4815 (Verg.
838 4741 921 4801 Aen.
945 4739 994 4799 XI
1017 4740 1105 4810 268).
1160 4745 1163 4751 ’
