3525 5692
678 748 720 792 nn
743 748 853 793 maon.
1316 736 1377 794 129

153 916 229 989 pius
251 917 456 977 remansisse
479 916 613 991 heroas3
645 919 782 979 numina
808 934 892 993 qnae
914 915 1136 994 dilatatione
1160 920 1381 994 designabant

154 1028 305 1089 abierant
342 1029 377 1089 in
418 1029 633 1107 oblivionem,
678 1031 728 1091 rel
763 1031 853 1092 aliud
887 1046 1010 1093 nomen
1045 1033 1166 1094 horum
1201 1034 1377 1094 numinum

150 1142 363 1204 divinitatem
386 1144 608 1221 exprimebat,
633 1140 653 1221 ἡ
677 1142 830 1222 ἕκλιλησις
856 1147 970 1206 autem
993 1146 1225 1223 reviviscebat,
1251 1163 1317 1207 non
1341 1149 1379 1207 ut

153 1256 236 1317 deus
258 1258 317 1318 sed
339 1261 377 1319 ut
395 1258 503 1320 heros.
523 1259 684 1334 Exemplo
704 1261 774 1320 sint
791 1260 929 1321 nomina
949 1258 1186 1337 Περικλύμενος,
1205 1259 1380 1338 Εὐρύαλος,

154 1371 292 1449 Κύρνος,
322 1369 505 1451 Εὐρυνόμη,
539 1370 776 1452 Εὐρυμέδουσα,
804 1371 1008 1452 Ἀγαμέμνων,
1035 1370 1201 1451 Εὔφημος,
1226 1389 1309 1448 quae
1331 1375 1379 1434 sic

151 1486 239 1547 nude
273 1487 382 1562 posita
415 1488 533 1549 heroes
565 1488 619 1550 vel
653 1489 806 1549 homines
840 1489 1002 1565 indicant,
1039 1489 1097 1549 sed
1132 1504 1207 1549 cum
1242 1489 1377 1549 deorum

150 1600 343 1662 nominibus
373 1603 550 1663 coniuncta
579 1602 701 1663 melius
730 1602 986 1678 intelleguntur:
1009 1598 1117 1681 Ἅιδης
1141 1602 1379 1681 Περικλύμενος,

152 1713 302 1774 Ἀπόλλων
334 1715 509 1796 Εὐρύαλος,
541 1715 692 1776 Ἀπόλλων
722 1715 884 1796 Κάρνειος,
906 1714 1042 1796 ’Ἄρτεμις
1066 1716 1248 1797 Εὐρυνόμη,
1264 1712 1378 1795 Ἑρμῆς

151 1826 358 1908 Εὐρυμέδων,
393 1830 470 1902 Ζεὺς
500 1827 707 1910 Ἀγαμέμνων,
737 1830 896 1891 Ποσειδῶν
928 1828 1079 1909 Εὔφημος
1110 1832 1196 1902 (vide
1227 1830 1378 1892 Wentzel

150 1943 344 2021 Epicleseis,
369 1945 424 2017 qui
446 1944 528 2005 haec
549 1946 583 2005 et
605 1945 670 2005 alia
692 1945 849 2020 praebet).

194 2056 375 2132 Delphicus
405 2060 531 2118 mensis
560 2061 632 2119 erat
654 2058 711 2132 qui
736 2058 914 2119 vocabatur
934 2052 1049 2130 Ἰλαῖος.
1073 2057 1253 2120 cohaerere
1270 2056 1376 2136 Ἴλιος,

145 2170 254 2247 Ἰλεύς,
272 2165 381 2242 ’λλαῖος
405 2171 524 2232 docent
547 2173 834 2247 comparationes:

330 2282 452 2356 σκότνςτ
484 2283 618 2357 codrior:
650 2274 942 2357 ouoruiog=³ll032
966 2281 1072 2356 ’Ίλιοςε
1098 2279 1205 2356 ’Ilaron
1236 2287 1374 2358 (Usener

285 2400 405 2460 Archiv
431 2399 454 2459 f.
476 2398 547 2460 Rei.
571 2399 671 2460 Wiss.
695 2400 766 2476 Vll,
791 2402 822 2476 3,
848 2402 880 2470 4)
905 2402 939 2460 et

332 2510 525 2584 Μενέσθιοςε
549 2513 732 2586 Μενεσθεύς
745 2511 904 2586 Ξ’Ίλιοςτ
929 2513 1024 2586 Ιλεύς.

195 2627 420 2687 observemus
443 2627 630 2703 Apollinem
653 2643 711 2704 per
729 2631 837 2689 totam
857 2627 995 2688 Iliadem
1014 2644 1131 2688 verum
1150 2628 1286 2688 iliorum
1307 2643 1380 2688 esse

146 2743 366 2803 defensorem.
400 2743 517 2818 Apollo
547 2743 611 2803 fuit
641 2744 697 2817 qui
728 2743 843 2804 urbem
875 2743 1050 2804 moenibus
1072 2744 1231 2820 munivit,
1259 2743 1376 2818 Apollo

147 2857 205 2929 qui
228 2856 262 2916 in
287 2872 361 2918 arce
384 2857 548 2932 templum
571 2856 726 2932 habebat,
751 2856 868 2930 Apollo
895 2856 952 2929 qui
975 2856 1152 2916 Hectorem
1177 2857 1210 2916 in
1234 2871 1377 2931 pugnam

154 2970 387 3040 comitabatur.

194 3085 252 3144 Sin
282 3099 360 3145 vero
391 3084 425 3144 in
455 3084 562 3154 (0)ilei
592 3085 698 3144 vitam
728 3085 915 3144 accuratius
942 3085 1155 3161 inquirimus,
1180 3083 1317 3145 umbrae
1340 3085 1380 3144 ad

147 3200 256 3259 instar
290 3199 352 3258 snb
385 3198 540 3260 manibus
573 3199 699 3260 nostris
733 3199 914 3259 evanescit.
945 3198 1108 3260 Audimus
1138 3201 1280 3260 matrem
1311 3199 1382 3259 eius

147 3314 251 3374 fuisse
281 3313 499 3388 Laonomam,
530 3328 670 3374 uxorem
701 3313 868 3390 Eriopam,
901 3314 1118 3374 concubinam
1148 3313 1298 3373 Rhenam
1331 3312 1382 3372 vel

148 3427 392 3505 Alcimacbam,
429 3445 447 3490 e
478 3443 542 3501 qua
571 3427 687 3502 genuit
716 3427 858 3488 nothum
889 3425 995 3488 illium
1030 3427 1226 3489 Medoutem.
1259 3426 1381 3502 cogno-

150 3557 229 3601 men
253 3541 282 3601 ei
307 3544 378 3602 erat
400 3540 606 3621 κιολίιιορθος
629 3544 666 3611 (Β
689 3543 775 3618 798),
799 3540 950 3602 interluit
975 3575 1014 3586 —
1039 3542 1097 3602 sed
1121 3542 1206 3615 apud
1231 3544 1383 3602 auctores

150 3656 295 3716 seriores
316 3689 357 3699 —
381 3655 582 3732 Argonautis
602 3655 744 3731 (Orphic.
764 3656 843 3730 Arg.
867 3656 948 3728 1933
969 3654 1039 3716 Val.
1060 3654 1166 3715 Flacc.
1188 3655 1204 3714 Ι
1223 3656 1310 3724 372).
1331 3655 1385 3715 Nil

152 3770 308 3845 amplius.
332 3770 438 3831 Natus
461 3773 526 3846 est,
551 3784 691 3831 uxorem
714 3770 822 3845 duxit,
847 3769 972 3844 genuit.
993 3762 1082 3828 Ἠύιε
1104 3766 1219 3840 κοκνὸς
1243 3767 1348 3848 ᾤχειολ

196 3884 328 3960 Grnppe
368 3885 402 3944 in
444 3884 610 3944 ditissimo
645 3878 728 3945 libro
766 3882 914 3958 ,Griecb
950 3883 1150 3958 Mytbologie
1180 3883 1246 3944 und
1280 3883 1383 3958 Relig.

152 3998 293 4059 (lescb.”
325 4014 420 4073 pagg.
452 3998 505 4073 90,
537 3998 612 4073 309,
646 3998 722 4073 609,
754 3990 854 4057 01312
880 3997 948 4057 iam
974 3997 1157 4058 coniecerat
1181 3998 1215 4059 in
1239 3998 1385 4059 Locridis

151 4114 246 4189 parte
277 4111 529 4187 septentrionali
558 4110 747 4185 Apollinem
782 4111 976 4170 invocatum
1008 4125 1082 4171 esse
1105 4112 1239 4172 nomine
1262 4108 1385 4190 ύιλλιις,

151 4226 238 4301 qnod
278 4226 378 4286 vertit
423 4225 604 4302 ,Sdhner”.
646 4223 758 4300 ,Nacb
792 4224 921 4284 diesem
956 4223 1160 4285 Knltnamen
1196 4225 1303 4286 heisst
1332 4227 1385 4287 die

151 4339 380 4400 berdhmteste
411 4339 606 4414 opuntische
629 4337 770 4398 Kolonis
793 4338 853 4398 das
875 4353 940 4397 von
963 4337 1102 4414 Apollon
1127 4338 1263 4399 erbaute
1284 4339 1385 4400 λλλιοκ

150 4455 219 4516 und
253 4454 413 4530 Apollons
446 4454 480 4513 in
514 4452 617 4512 ύίλιον
647 4456 825 4528 gezeugter
861 4454 951 4513 Sobn
982 4454 1086 4525 λιλεύς
1116 4454 1254 4525 (ionisch
1282 4449 1385 4527 Ἰλεύς)

150 4570 230 4630 oder
244 4563 374 4645 Ὀιλεύς,
392 4568 449 4629 der
468 4566 570 4627 Vater
587 4567 647 4628 des
664 4566 852 4627 lokriscnen
869 4567 984 4628 Aias”.
997 4567 1134 4628 Derivat
1144 4569 1244 4643 igitur
1256 4569 1386 4645 Gruppe

148 4682 314 4759 Apollinis
345 4697 530 4757 cognomen
561 4697 581 4742 a
611 4681 721 4742 radice
753 4681 846 4742 verbi
868 4681 1044 4760 ἱλάσκομαι,
1066 4685 1103 4743 ut
1126 4683 1251 4743 iactum
1276 4685 1329 4743 est
1352 4683 1385 4742 in

146 4797 286 4857 Hesiodi
308 4797 496 4872 fragmento
524 4789 602 4855 142⁰
625 4795 695 4866 (Ru)
719 4810 822 4870 supra
845 4796 993 4856 laudato.

178 4902 324 4946 vilarum.
1282 4901 1296 4942 9
