3525 5692
365 678 427 737 188
722 692 764 735 nr
788 688 1006 735 rhemnonis
1028 689 1224 735 rueramus.

361 865 433 922 erat
452 861 620 936 vulgatus.
639 862 743 923 Fures
761 864 890 936 autem,
912 863 948 921 ut
967 861 1008 921 de
1027 875 1105 935 rege
1124 860 1240 920 Amasi
1261 862 1443 934 taceamus,
1464 873 1586 932 magno

361 972 406 1032 ibi
435 973 469 1032 in
498 973 622 1034 honore
651 974 757 1034 fuisse
787 973 840 1034 vel
871 973 947 1033 hinc
978 973 1081 1048 patet,
1113 973 1199 1046 quod
1229 973 1262 1032 in
1286 973 1434 1047 Aegypto
1457 972 1589 1031 exstitit

362 1086 472 1145 certus
502 1086 581 1147 ordo
611 1088 827 1163 praedonum,
857 1087 909 1146 oui
933 1085 1120 1160 praefectus
1143 1087 1306 1160 praeerat,
1331 1084 1387 1158 qui
1409 1084 1495 1144 bona
1517 1099 1587 1144 sur·

360 1201 453 1274 repta
481 1199 728 1274 possessoribus
758 1200 923 1274 redderet,
953 1198 983 1258 sl
1013 1201 1166 1272 quartam
1190 1198 1287 1274 pretii
1309 1199 1436 1273 partem
1458 1197 1588 1257 furibus

359 1309 550 1374 solvissent.

404 1422 467 1483 Sed
490 1423 552 1484 hac
575 1425 615 1485 de
638 1441 674 1486 re
693 1425 762 1487 iam
782 1426 867 1486 satis
887 1429 956 1500 est;
976 1440 1066 1486 nuno
1084 1425 1259 1485 videamus
1277 1426 1311 1486 et
1328 1425 1587 1500 perpendamus,

360 1551 443 1608 quae
476 1537 517 1597 ab
548 1538 741 1599 auctoribus
770 1539 967 1614 praesertim
998 1537 1235 1599 recentioribus
1264 1539 1304 1598 de
1334 1541 1448 1598 nostra
1475 1538 1590 1598 fabula

359 1649 428 1708 sint
457 1651 596 1723 prolata.
626 1652 718 1713 Inter
748 1667 845 1729 quos,
877 1653 934 1726 qui
961 1652 1156 1727 primarium
1179 1651 1290 1712 locum
1313 1654 1464 1727 occupat,
1488 1650 1522 1712 0.
1547 1651 1586 1713 0.

360 1761 493 1822 Mueller
515 1764 563 1823 sic
585 1765 801 1828 ratiocinatur
823 1764 954 1834 (Gesoh.
980 1763 1107 1825 Hellen.
1132 1763 1282 1824 stamme
1305 1779 1337 1824 u.
1362 1763 1409 1824 st.
1430 1765 1446 1823 Ι
1464 1779 1495 1839 p.
1512 1764 1587 1834 98);

362 1875 615 1949 ,antiquissimo
648 1880 798 1952 tempore
828 1877 957 1938 colonia
985 1877 1172 1951 Minyarum
1204 1876 1410 1937 Orchomeno
1439 1877 1588 1952 proiecta

358 1988 392 2046 in
423 1987 591 2063 Triphylia
620 1990 772 2049 consedit
793 1989 903 2063 ibique
927 1974 1056 2065 septem
1081 1989 1181 2050 urbes
1204 1991 1377 2065 occupavit
1400 1989 1485 2050 Eleis
1507 1991 1587 2050 vici·

359 2114 420 2161 nae
443 2115 504 2160 nee
527 2100 667 2160 dubitari
690 2103 814 2178 potest,
839 2102 920 2176 quin
944 2102 984 2162 ab
1008 2102 1099 2162 hisce
1123 2102 1250 2162 colonis
1273 2102 1412 2163 historia
1435 2103 1474 2164 de
1497 2102 1587 2163 furto

359 2229 379 2272 a
403 2212 587 2288 Trophonio
611 2217 644 2274 et
667 2215 835 2288 Agamede
858 2216 892 2275 in
916 2214 1074 2292 Hyrtcum
1097 2213 1276 2276 commisso
1299 2217 1462 2276 translata
1484 2217 1527 2275 sit
1550 2217 1587 2276 in

362 2325 461 2386 Elide
483 2342 588 2401 repam
616 2327 766 2401 Aupiom.
790 2327 878 2402 Quae
902 2327 1044 2404 colonIa,
1066 2343 1141 2388 cum
1161 2329 1195 2388 in
1215 2328 1384 2404 Triphylia
1403 2330 1591 2390 consederit

363 2456 427 2501 uno
458 2439 605 2500 alterove
635 2441 767 2502 saeculo
790 2444 866 2517 post
888 2441 1169 2516 immigrationem
1193 2443 1352 2519 doricam,
1377 2442 1487 2503 iabula
1509 2458 1588 2516 quo·

363 2570 425 2628 que
455 2557 529 2613 tuac
558 2555 706 2629 tempera
735 2555 899 2615 translata
928 2555 1030 2615 fuerit
1058 2570 1195 2616 necesse
1225 2559 1294 2630 est;
1327 2556 1412 2616 unde
1437 2556 1589 2630 sequitur

363 2675 447 2732 hanc
479 2671 704 2730 narrationem
739 2669 873 2730 Graecis
906 2673 1021 2730 notam
1051 2670 1154 2730 tuisse
1186 2673 1363 2744 antequam
1395 2670 1514 2730 melius
1545 2671 1589 2731 iis

361 2784 543 2846 innotuerit
563 2784 768 2858 Aegyptus.”

408 2896 521 2971 Pergit
554 2912 585 2955 v.
620 2897 651 2956 d.
685 2912 716 2971 p.
755 2896 834 2956 101:
872 2899 1084 2971 ,statuamus
1119 2896 1220 2971 igitur
1252 2897 1395 2971 lepidam
1429 2896 1585 2957 tabellam

362 3016 441 3071 tunc
474 3010 607 3069 demum
641 3010 675 3068 in
705 3011 894 3084 Aegyptum
925 3024 999 3069 esse
1030 3012 1272 3086 transvectam,
1304 3024 1379 3069 cum
1410 3009 1499 3084 regio
1529 3010 1589 3070 illa

362 3123 424 3183 sub
462 3120 592 3194 regibus
631 3121 761 3180 Saiticis
796 3121 925 3194 graecis
960 3120 1109 3181 moribus
1143 3121 1363 3196 imbueretur;
1398 3138 1474 3182 cum
1508 3137 1589 3184 vero

362 3233 468 3296 semel
496 3233 531 3292 in
561 3233 698 3293 annales
727 3235 835 3308 regios
860 3234 1061 3309 irrepsisset,
1087 3248 1162 3293 esse
1185 3235 1414 3309 pervulgatam
1439 3251 1459 3295 a
1481 3251 1589 3296 sacer·

363 3348 496 3408 dotibus
526 3345 824 3419 interpretibusque
854 3347 909 3418 qui
940 3361 1052 3406 eoram
1076 3347 1258 3421 peregrinis
1281 3349 1425 3423 Aegypti
1447 3349 1590 3422 gloriam

363 3459 591 3536 quoquomodo
620 3473 740 3532 augere
770 3460 960 3534 cuperent.”
991 3457 1114 3519 Deinde
1136 3475 1167 3534 p.
1195 3461 1275 3520 103:
1302 3461 1591 3537 ,Psammetichus

363 3576 460 3636 lones
478 3571 711 3647 stipendiarios
733 3571 767 3631 in
790 3571 945 3633 intimam
970 3573 1097 3645 partem
1115 3571 1247 3647 imperii
1265 3573 1376 3649 duxit,
1396 3575 1452 3647 qui
1470 3589 1590 3649 pueros

363 3686 536 3762 aegyptios
561 3685 709 3758 linguam
732 3700 886 3759 graecam
910 3685 1081 3758 docerent;
1106 3699 1148 3744 ex
1171 3685 1224 3745 his
1246 3687 1358 3761 pueris
1380 3701 1485 3762 genus
1507 3686 1591 3748 illud

365 3801 584 3874 interpretum
618 3800 670 3857 est
704 3802 814 3857 ortum
848 3813 868 3859 a
901 3799 1019 3871 quibus
1053 3798 1217 3872 peregrini
1252 3801 1386 3873 mythos
1420 3801 1593 3874 aegyptios

365 3915 570 3986 acceperunt.
601 3910 758 3971 Ducentis
788 3912 886 3972 annis
907 3913 981 3987 post
1003 3911 1191 3972 Herodotus
1214 3914 1361 3973 venitin
1384 3913 1591 3989 Aegyptum

365 4024 442 4097 quid
465 4023 586 4084 mirum
610 4024 641 4082 si
662 4023 803 4084 fabellae
826 4039 977 4101 graecae,
1000 4040 1082 4098 quas
1102 4025 1226 4085 milites
1245 4025 1296 4084 illi
1315 4027 1492 4102 discipulos
1510 4043 1591 4088 suos

365 4138 567 4211 docuissent,
584 4139 663 4197 tunc
678 4139 812 4212 penitus
828 4139 862 4198 in
874 4140 1113 4214 Aegyptiorum
1126 4141 1257 4198 mentes
1269 4142 1481 4214 penetrarant
1491 4144 1592 4214 atque

365 4251 620 4312 asaoerdotibus
632 4250 716 4311 hono
729 4251 897 4311 Herodoto
909 4266 967 4326 pro
980 4252 1081 4311 meris
1093 4252 1307 4327 Aegyptiacis
1316 4257 1395 4312 sunt
1404 4252 1591 4314 venditae.”

410 4364 556 4424 Muelleri
590 4365 710 4441 opinio,
747 4380 847 4438 quam
883 4365 940 4424 alii
973 4381 1004 4425 v.
1039 4366 1070 4427 d.
1089 4362 1110 4436 ¹)
1144 4381 1203 4441 pro
1233 4367 1357 4426 maiore
1388 4368 1481 4441 parte
1511 4368 1592 4426 sunt

402 4644 421 4710 ¹)
439 4646 596 4695 Gntsohmid
624 4650 717 4697 Philol.
742 4651 765 4698 X
785 4663 811 4709 p.
835 4652 897 4706 6543
923 4652 1058 4697 Diimmler
1081 4653 1146 4698 Ann.
1169 4651 1194 4696 d.
1217 4650 1303 4698 Instit.
1325 4651 1390 4698 18811
1408 4663 1433 4709 p.
1453 4651 1501 4696 180
1519 4662 1589 4708 sqq.;

366 4737 524 4786 Studniorlra
540 4741 643 4799 Kyrene
659 4756 685 4802 p.
704 4746 733 4799 8;
750 4744 879 4791 Sroronos
895 4745 959 4791 Gan.
976 4744 1053 4791 Areh.
1072 4745 1136 4791 1888
1155 4742 1213 4790 xiv
1229 4755 1255 4804 p.
1274 4743 1322 4790 att
1341 4755 1398 4802 sqq.
