3525 5692
370 703 412 764 bd
892 716 1067 766 naamon.

364 887 569 948 homericum
595 886 682 949 Glari
706 888 849 948 mortem
881 887 1017 964 obiisse,
1049 887 1206 963 populum
1236 900 1328 961 vero,
1353 887 1404 946 cui
1427 887 1595 960 praeesset

365 1001 510 1062 Taurum
540 1002 691 1062 montem
722 1015 911 1077 superasse,
943 1000 1014 1073 τοὺς
1044 996 1099 1077 μὲν
1131 998 1164 1060 ἐν
1192 999 1362 1080 Παμφυλίᾳ
1391 1003 1492 1075 μεῖναι
1521 997 1592 1069 τοὺς

366 1109 394 1174 δ’
418 1112 450 1174 ἐν
474 1114 596 1196 Κιλικίᾳ
617 1119 802 1193 μερισθῆναι
826 1112 877 1174 καί
900 1114 1001 1196 Συρίᾳ
1025 1112 1109 1195 μέχρι
1121 1112 1172 1174 καί
1198 1113 1359 1189 Φοινίκηςί
1387 1110 1447 1194 (Ol.
1473 1112 1590 1172 Herod.

365 1228 439 1303 VII,
469 1229 522 1288 91.
548 1228 643 1288 Paus.
674 1227 747 1302 VII,
773 1229 807 1304 θ,
833 1229 875 1298 4).
901 1227 1063 1303 Quidvero
1087 1229 1126 1290 de
1150 1227 1286 1289 Teucris
1310 1226 1431 1288 habet?
1454 1225 1593 1286 Venisse

285 1412 305 1438 V
366 1355 422 1401 eoa
453 1356 470 1401 e
495 1339 605 1417 Creta,
631 1341 803 1401 oraculum
826 1340 868 1400 iis
892 1341 1012 1402 lulsse:
1040 1339 1171 1417 „adciti
1193 1339 1383 1417 ποιήσασθαι
1406 1337 1461 1416 τὴν
1485 1336 1593 1415 μονήν,

366 1451 505 1515 decede
529 1453 561 1514 σί
580 1458 716 1534 γηγενεῖς
742 1453 845 1526 αὐτοῖς
870 1452 1045 1514 ἐπιθῶνται·
1066 1455 1222 1533 συμβῆναι
1245 1449 1279 1512 δὲ
1298 1447 1377 1514 τοῦτ’
1400 1450 1504 1522 αὐτοῖς
1516 1468 1593 1528 φασι

363 1565 432 1647 περί
458 1567 620 1645 Ἆμαξιτδν·
644 1567 763 1645 νύκτωρ
787 1565 844 1647 γδιρ
868 1567 948 1628 πολὺ
972 1571 1092 1646 πλῆθος
1116 1576 1176 1627 τῶν
1199 1563 1375 1647 ἀρουραίων
1398 1573 1486 1643 μνῶν
1509 1563 1591 1637 ἐξαν-

365 1685 470 1758 θῆσαν
494 1681 657 1762 διαφαγεῖν
682 1680 738 1752 δσα
762 1681 888 1742 σκύτινα
913 1689 972 1742 τῶν
991 1701 1021 1740 τε
1042 1679 1144 1741 δπίων
1163 1677 1215 1741 aul
1232 1689 1293 1741 τῶν
1312 1679 1507 1760 χρηστηρίων·
1525 1678 1594 1750 τοὺς

367 1791 400 1854 δὲ
429 1793 541 1855 αὐτόθι
563 1797 685 1870 μεῖναι”
711 1790 831 1876 (strab.
856 1795 937 1855 XIII
962 1788 1053 1877 604).
1078 1796 1151 1857 Iam
1174 1795 1384 1870 intellexIstl,
1409 1794 1535 1868 quade
1559 1808 1593 1854 re

366 1913 499 1984 agatur:
535 1909 769 1984 explicandum
805 1912 877 1969 erat
907 1908 1072 1984 Apollinis
1103 1924 1286 1984 cognomen
1313 1908 1484 1986 Σμιτθτύς,
1508 1908 1592 1981 quod

363 2023 431 2084 iam
465 2023 500 2082 in
533 2023 634 2084 Iliade
668 2023 766 2098 gerit,
788 2022 884 2106 licet
918 2022 1035 2083 Teucri
1065 2021 1110 2082 ibi
1133 2023 1202 2084 sint
1225 2023 1347 2097 ignota
1371 2024 1470 2096 atque
1493 2020 1592 2083 simul

365 2135 598 2210 explicandum
622 2137 707 2212 erat,
734 2136 843 2196 curin
864 2135 989 2196 Troade
1009 2135 1126 2196 Teucri
1146 2135 1387 2209 consedissent,
1402 2135 1441 2195 de
1453 2149 1592 2209 quorum

367 2248 625 2309 commoratione
644 2248 678 2307 in
698 2247 822 2308 Troade
843 2249 919 2324 post
937 2245 1101 2308 Oallinum
1122 2248 1251 2322 primus
1268 2250 1435 2309 memorat
1451 2247 1593 2308 Herodo-

365 2364 430 2422 tus,
453 2362 535 2438 Quid
556 2364 590 2422 et
609 2361 772 2436 quomodo
797 2361 849 2421 hic
869 2363 984 2421 auctor
1005 2362 1044 2422 de
1056 2360 1098 2421 ils
1109 2360 1239 2423 locutus
1251 2363 1327 2422 eet?
1342 2361 1485 2437 „Xerxis
1497 2377 1594 2437 expe·

365 2477 459 2553 ditio,
485 2477 514 2536 si
537 2477 710 2536 hominum
735 2476 986 2537 multitudinem
1010 2481 1156 2552 spectas,
1177 2478 1348 2552 superavit
1368 2490 1485 2537 omnes
1505 2477 1594 2548 quot·

366 2592 447 2663 quot
469 2591 685 2663 susceperunt
707 2589 938 2664 praecedentia
960 2604 1081 2665 genera
1103 2590 1286 2651 hominum.
1307 2590 1392 2651 Nam
1416 2589 1498 2649 nibil
1516 2603 1595 2665 prae

367 2701 425 2762 illa
444 2702 509 2763 fuit
528 2703 695 2777 Scythica,
714 2701 798 2761 nihil
818 2697 951 2774 δστόλος
970 2711 1031 2762 τῶν
1051 2699 1221 2781 Ἀτρειδέων
1241 2701 1270 2775 ἒς
1282 2700 1388 2779 Ἴλιον,
1399 2702 1481 2762 nihil
1493 2703 1595 2763 etiam

367 2811 383 2874 δ
407 2822 466 2873 τῶν
490 2817 612 2874 Μυσῶν
635 2836 665 2875 τε
688 2811 739 2874 καί
765 2816 907 2894 Τευκρῶν
930 2812 946 2874 ὁ
966 2813 1039 2896 πρὸ
1059 2825 1134 2876 τῶν
1156 2820 1341 2903 Ἐρωιιῶν
1359 2814 1594 2896 γενόμενος,

368 2929 398 2988 οἳ
420 2927 577 3006 διαβάντες
601 2927 630 3000 ἐς
654 2925 708 3005 τήν
734 2927 891 3009 Εὐρώπην
914 2927 963 2989 ἐπί
986 2929 1039 2990 τὸν
1059 2924 1302 2990 Ἰδνιοῖνιπδντον
1322 2927 1492 3009 κατέβησαν
1511 2927 1594 3008 μέχρι

367 3063 396 3101 τε
430 3043 569 3119 Πηνειοῦ
605 3049 743 3119 ποταμοῦ
778 3039 814 3102 τδ
842 3040 918 3120 πρὸς
949 3044 1137 3122 μεσαμβρίης
1167 3038 1316 3121 ’ἤλασανζ
1348 3044 1465 3104 ¹Teucri
1495 3043 1595 3118 igibur

381 3156 452 3215 este
484 3154 650 3216 Herodoto
682 3156 750 3216 iam
782 3157 860 3216 ante
891 3155 1017 3217 bellum
1047 3139 1227 3219 Troianum
1250 3158 1283 3217 iu
1304 3157 1429 3218 Troade
1452 3156 1592 3218 luerunt.

366 3270 412 3331 At
434 3269 600 3330 Homerus
623 3284 679 3330 eos
699 3270 843 3344 ignorat3
876 3269 993 3330 Teucri
1012 3273 1126 3332 autem
1155 3286 1276 3361 nomen
1300 3273 1432 3348 saepius
1451 3284 1591 3332 comme·

367 3385 488 3459 morat,
510 3383 626 3444 Graeci
643 3385 736 3459 puta,
757 3382 868 3444 Aiacis
888 3384 1016 3461 fratris,
1030 3386 1078 3444 ita
1092 3387 1130 3446 ut
1142 3385 1205 3446 dici
1217 3381 1312 3448 baud
1332 3387 1438 3462 possit
1456 3384 1591 3447 fortuito

366 3496 565 3558 Teucrorum
588 3498 721 3571 poetam
745 3496 886 3557 oblitum
910 3511 994 3558 esse.

411 3611 457 3671 En
485 3612 612 3686 autem,
637 3607 750 3683 quirito
773 3610 856 3671 libro
880 3615 917 3681 (c.
935 3612 1007 3683 122)
1029 3611 1217 3673 Herodotus
1238 3615 1365 3690 narrat,
1386 3614 1506 3674 Persas
1518 3613 1588 3674 sub·

366 3726 483 3786 iecisse
514 3726 546 3785 el
576 3724 659 3786 alios
688 3726 721 3786 et
743 3721 895 3805 Γέργιθας
919 3724 990 3797 τοὺς
1014 3723 1257 3802 ὑπολειφθέντας
1280 3735 1340 3786 τῶν
1363 3724 1494 3806 ἀρχαίων
1519 3731 1590 3787 Τεν-

366 3846 463 3917 τιρῶι;
495 3838 569 3914 VII,
595 3839 637 3898 43
662 3839 816 3899 nominat
840 3836 992 3918 Γέργιθας
1019 3840 1179 3918 Τευκρούς.
1203 3841 1319 3916 Gergis
1342 3836 1498 3917 oppidum
1521 3845 1592 3904 erat

365 3967 464 4027 prope
488 3967 507 4012 a
530 3951 728 4026 Lampsaco;
755 3951 944 4030 GergIthes,
967 3955 1052 4014 teste
1074 3955 1245 4016 Athenaeo
1264 3954 1328 4015 XII
1344 3971 1374 4030 p.
1388 3955 1468 4031 524,
1489 3955 1590 4015 Mileti

365 4065 616 4141 appellabantur
639 4065 672 4124 ol
688 4065 819 4144 θηραταί
836 4069 857 4129 i.
878 4083 906 4128 e.
927 4068 1154 4143 antiquissimi
1174 4069 1300 4130 incolae
1320 4085 1340 4130 a
1358 4068 1455 4129 novis
1467 4067 1591 4129 colonia

364 4179 504 4241 subacti.
528 4181 566 4239 In
590 4178 722 4240 oraculo
746 4179 791 4240 ibi
816 4179 917 4242 allato
941 4182 1078 4243 audiunt
1097 4178 1242 4262 Γέργιθας
1260 4179 1478 4259 ἀπτολέμιστοι.
1496 4181 1588 4241 Dani·

366 4311 428 4370 que
466 4295 583 4358 Herod.
619 4295 646 4354 V
684 4296 723 4356 13
755 4295 893 4356 Pueoaea
923 4295 1098 4371 perhibent
1128 4310 1164 4356 se
1194 4310 1267 4356 esse
1300 4288 1441 4375 ’Τευκρῶν
1469 4303 1528 4354 τῶν
1558 4291 1591 4353 ἔτ

368 4408 477 4489 Τροίης
501 4405 657 4481 ἀποίκους.

412 4522 493 4598 Quid
531 4523 570 4584 de
604 4523 695 4583 hisce
730 4522 886 4583 omnibus
917 4524 1157 4585 statuendum?
1191 4523 1293 4584 Docet
1327 4522 1515 4583 Herodotus
1550 4555 1589 4565 -

365 4651 470 4710 neque
494 4637 692 4698 adversatur
717 4637 747 4697 ei
771 4635 919 4697 Gallinas
945 4671 984 4680 —
1011 4638 1079 4698 iam
1103 4640 1181 4698 ante
1203 4637 1320 4698 Troica
1342 4636 1429 4698 bella
1447 4636 1591 4712 priscum

364 4751 521 4826 populum
556 4750 755 4812 Teucrorum
791 4749 892 4810 simul
931 4766 1006 4811 cum
1043 4751 1145 4824 Mysis
1179 4751 1213 4810 in
1243 4751 1408 4826 Europam
1440 4766 1482 4811 ex
1512 4752 1592 4812 Asia
