3525 5692
685 761 726 804 rur
749 762 859 807 Amos.
1347 746 1388 805 37
1443 808 1450 817 ,

156 930 304 992 fabulam
346 931 571 1005 excogitatam
615 947 688 993 esse
723 947 744 992 a
779 932 984 1007 mythologis
1019 933 1153 1009 Argivis
1187 920 1393 994 contenderit

159 1046 369 1121 OhavanneS,
390 1045 556 1123 homines,
578 1046 634 1119 qui
653 1049 729 1121 post
749 1047 881 1107 Troiam
903 1061 1055 1107 eversam
1071 1047 1179 1108 locum
1192 1045 1389 1121 habitarint,

126 1235 128 1239 ι
159 1162 274 1221 notam
304 1159 368 1219 sibi
397 1159 553 1220 habuisse
580 1160 714 1221 Troiani
738 1158 874 1236 palladii
898 1161 1044 1221 formam
1069 1161 1163 1222 docet
1184 1164 1255 1222 tam
1278 1159 1391 1235 proba·

156 1265 278 1334 bilitas
301 1276 333 1333 et
364 1272 585 1347 palladiorum
615 1289 696 1334 usus
727 1274 920 1348 divulgatus
952 1289 1053 1347 quam
1084 1275 1247 1336 Troianus
1270 1271 1390 1334 sacrifi·

160 1388 257 1449 candi
286 1403 359 1456 mos
381 1388 569 1463 peculiaris.

203 1501 265 1561 Hic
298 1516 426 1575 quoquo
460 1501 548 1562 inter
575 1515 629 1562 res
659 1502 692 1561 in
725 1503 750 1559 Z
780 1501 965 1576 descriptas
994 1504 1028 1562 et
1050 1502 1269 1563 veterrimum
1293 1501 1389 1561 sacri-

157 1614 277 1676 ficandi
304 1631 433 1676 morem
457 1614 650 1691 Troianum,
676 1614 808 1675 aliunde
832 1615 929 1675 nobis
953 1618 1087 1692 notum,
1112 1617 1238 1692 exstat,
1261 1616 1290 1676 si
1313 1615 1390 1688 quid

157 1729 266 1805 video,
298 1730 383 1790 mira
413 1729 645 1804 discrepantia.
677 1730 761 1789 Nam
795 1729 850 1789 ubi
873 1731 1010 1791 Hecuba
1032 1731 1198 1792 Minervae
1220 1731 1255 1790 in
1274 1730 1390 1791 aedem

158 1844 250 1903 venit
265 1877 304 1886 -
318 1857 435 1903 verum
454 1842 620 1918 templum
640 1842 703 1902 sibi
722 1841 861 1903 linxisse
881 1846 1016 1919 poetam
1034 1845 1129 1905 docet
1139 1859 1256 1905 vorsus
1269 1847 1294 1902 Z
1307 1843 1389 1921 298:

159 1965 227 2040 τῇσι
249 1955 351 2036 θύρας
375 1954 443 2028 ὤιξε
468 1951 574 2016 Θεανὼ
597 1955 801 2038 καλλιπάρῃος
827 1990 866 1999 -
892 1957 1066 2033 pollicetur
1293 1949 1295 1953 ⁵

704 2068 760 2129 δύο
785 2067 836 2129 καὶ
861 2067 934 2130 δέκα
957 2071 1033 2149 βοῦς
1056 2069 1102 2131 tvl
1125 2081 1189 2154 νηῷ

382 2180 492 2261 ἤνιδας
515 2180 642 2261 ἠκέστας
666 2181 846 2263 ἱερευσέμεν.

206 2298 433 2359 Mactabantur
464 2299 574 2375 igitur,
606 2299 740 2374 poetam
771 2300 800 2358 si
831 2300 1015 2377 sequimur,
1046 2301 1118 2376 ipso
1142 2301 1175 2361 in
1198 2300 1341 2376 templo;
1365 2299 1395 2359 si

162 2429 271 2473 coram
294 2414 353 2473 dea
375 2411 487 2490 flebat,
512 2413 643 2488 ipsein
667 2412 751 2473 cella
772 2415 860 2474 tecto
884 2414 1055 2489 adoperta.
1080 2414 1162 2490 Quid
1179 2430 1258 2476 vcro
1278 2414 1398 2474 docent

163 2527 293 2588 nummi
323 2527 488 2588 Ilienses?
518 2529 556 2587 In
580 2528 733 2589 arborem
764 2528 909 2604 palladio
933 2530 1118 2604 oppositam
1143 2528 1247 2590 boves
1269 2526 1396 2588 attolle·
1430 2518 1477 2560 s

161 2641 292 2717 bantur,
316 2641 434 2702 deinde
458 2642 498 2702 ab
521 2641 656 2703 homins
680 2641 785 2702 cultro
806 2645 937 2703 armato
956 2643 991 2702 in
1010 2643 1126 2704 arbore
1145 2643 1282 2703 sedente
1301 2656 1393 2702 neca·

162 2755 283 2816 bantur
305 2756 434 2831 mugitu
458 2771 518 2816 suo
542 2756 679 2816 caelites
703 2757 798 2830 quasi
822 2757 1034 2818 advocantes.
1058 2757 1163 2833 (ilion,
1186 2756 1339 2832 Dorpield
1362 2757 1395 2816 II

158 2870 249 2945 jBert
270 2872 312 2931 63
332 2865 388 2932 N0.
410 2871 467 2947 68,
490 2871 554 2940 69).
576 2870 713 2945 Qualem
734 2871 837 2930 ritum
858 2871 995 2946 respicit
1014 2870 1107 2932 Plato
1127 2871 1245 2931 Critias
1267 2872 1329 2931 119
1349 2870 1391 2931 E:

160 2979 217 3060 ,tv
240 2980 272 3044 δὲ
295 2981 391 3044 ἕλοιεν
415 2993 474 3043 τῶν
497 2984 619 3063 ταύρων
642 2982 717 3064 πρὸς
737 2981 793 3062 τὴν
813 2983 926 3062 στήλην
944 2984 1186 3066 προσαγαγόντες
1206 2981 1282 3045 κατὰ
1300 3006 1391 3063 κορν-
1442 2957 1507 3016 s

157 3096 223 3176 φὴν
246 3096 339 3176 αὐτῆς
362 3095 541 3174 ἕσφατιον.”

203 3214 276 3290 Est,
295 3215 380 3287 quod
400 3213 440 3275 ab
461 3213 614 3274 Troianis
635 3215 775 3275 vocatur
794 3214 829 3274 in
849 3214 992 3287 quodam
1012 3214 1158 3291 decreto,
1177 3209 1389 3291 ἡνομιζομένη
1415 3236 1417 3241 ·

157 3324 208 3386 καὶ
231 3325 355 3407 πάτριος
378 3325 475 3386 θυσία
500 3326 631 3398 (Michel
650 3327 784 3390 Reoueil
804 3329 899 3402 525);
920 3327 1126 3388 sacrificandi
1145 3329 1266 3389 modus
1276 3341 1390 3404 peran-

156 3442 269 3514 tiquus
286 3441 425 3502 latitans
447 3441 481 3501 in
502 3441 621 3502 umbra
641 3444 831 3516 temporum
852 3441 1167 3518 praeterlapsorum,
1188 3444 1286 3515 atque
1304 3441 1390 3500 hano

156 3556 196 3617 ob
228 3571 364 3616 causam
394 3571 415 3615 a
444 3554 594 3630 Platone,
628 3554 684 3613 ubi
716 3555 755 3614 de
787 3554 957 3615 Atlantide
980 3555 1063 3629 agit,
1090 3555 1195 3615 veluti
1218 3557 1257 3616 de
1281 3555 1390 3631 prisca
1440 3552 1477 3592 s

158 3670 307 3746 civitate,
331 3669 409 3730 data
432 3685 531 3745 opera
553 3670 640 3730 inter
664 3670 919 3730 consuetudines
942 3669 1057 3731 relata.

201 3783 386 3844 Palladium
414 3784 516 3858 igitur
548 3799 608 3858 quo
633 3789 797 3859 praesente
829 3784 930 3846 boves
960 3784 1222 3845 immolabantur
1239 3785 1298 3846 sub
1321 3785 1391 3845 divo

154 3897 291 3958 stetisse
312 3897 494 3958 verisimile
514 3898 742 3973 estaminime
762 3913 852 3974 vero,
874 3900 912 3958 ut
932 3915 1050 3959 versus
1070 3902 1095 3957 Ζ
1114 3899 1179 3959 298
1191 3913 1261 3972 sqq.
1275 3899 1391 3960 dooere

158 4011 323 4086 videntur,
355 4010 413 4070 sub
438 4011 525 4071 aedis
547 4011 683 4072 alicuius
705 4015 787 4072 tecto.
814 4011 864 4072 An
890 4014 956 4089 ost,
981 4013 1038 4087 qui
1061 4012 1210 4074 conferat
1232 4012 1393 4073 Herodoti

156 4125 266 4184 locum
301 4124 391 4201 VIII,
424 4126 483 4186 55:
517 4123 598 4200 ,ton
630 4122 663 4184 ἒν
694 4135 730 4209 τῇ
762 4123 910 4204 ἀκροπόλι
940 4126 1028 4204 νηός,
1059 4124 1092 4186 ἕν
1116 4137 1155 4210 τῷ
1180 4125 1268 4212 QYI,
1288 4148 1318 4186 τε
1340 4122 1392 4185 καὶ
1425 4120 1462 4165 s

155 4235 297 4296 θάλασσα
327 4231 406 4314 i'vd’,
437 4239 486 4299 ita
509 4240 547 4298 ut
570 4239 654 4299 oolla
679 4241 712 4299 et
735 4239 832 4300 arbor
855 4242 952 4300 stans
974 4242 1035 4301 sub
1059 4242 1135 4302 divo
1158 4242 1192 4301 in
1216 4243 1241 4299 Z
1265 4255 1392 4314 quoquo

156 4351 384 4426 reperiantur?
419 4353 463 4411 At
498 4351 595 4412 arbor
629 4353 846 4414 Atheniensis
876 4369 974 4414 sacra
1006 4357 1078 4415 erat
1106 4355 1193 4436 ipsa,
1224 4370 1291 4415 non
1322 4355 1394 4414 erat

156 4464 394 4526 adminiculum
418 4467 504 4538 quod
528 4466 632 4526 cultui
655 4467 867 4528 inserviebat.

199 4578 482 4652 Antiquissimum
517 4580 617 4655 igitur
653 4581 755 4641 ritum
785 4583 894 4642 aetate
926 4583 1083 4643 historica
1112 4582 1258 4643 nondum
1288 4581 1393 4642 fuisse

155 4693 414 4765 intermortuum
442 4675 563 4756 docent
594 4697 725 4756 nummi
754 4711 855 4772 supra
878 4696 1016 4758 laudati.
1040 4698 1111 4759 Hoc
1134 4699 1206 4773 ipso
1230 4697 1315 4774 loco,
1339 4695 1396 4756 ubi

155 4821 244 4883 nunc
277 4807 488 4900 babitabant,
525 4808 702 4897 aliquando
734 4809 799 4870 alio
830 4811 929 4882 modo
959 4810 1183 4882 sacrificatum
1216 4825 1291 4880 esse
1313 4803 1394 4881 deae
