3525 5692
393 693 436 752 22
916 705 960 748 ns
980 703 1093 748 amer.

392 882 463 942 iure
497 896 556 956 pro
590 881 779 942 certissimo
808 877 1077 953 interpolationis
1104 875 1259 952 exemplo
1281 875 1409 936 habuit
1431 877 1519 937 Num
1541 877 1621 951 quid

392 995 481 1057 aliud
509 995 602 1056 hisce
625 994 797 1070 perpensis
819 992 1038 1054 statuendum
1062 991 1204 1065 videtur,
1227 1004 1329 1064 quam
1351 991 1470 1051 leucri
1489 990 1620 1050 νοθείαν

392 1109 543 1184 ignotam
560 1109 665 1170 tuisse
683 1109 805 1186 poetis,
823 1108 880 1182 qui
899 1107 1039 1168 Iliadem
1057 1107 1343 1181 composnerunt?
1360 1105 1444 1166 lam
1455 1105 1621 1166 'teucrum

392 1239 494 1298 quam
524 1223 661 1284 Aiacem
690 1221 796 1284 illium
827 1223 1021 1283 'telamonis
1047 1221 1236 1282 habuemnt
1261 1221 1457 1295 genuinum.
1481 1219 1621 1295 Τειᾳό

393 1358 458 1409 νιος
477 1337 520 1398 iis
537 1337 601 1398 luit
619 1339 768 1410 uterque.
787 1336 884 1398 Unde
902 1338 1068 1396 terrarum
1080 1334 1326 1410 provenissent,
1338 1335 1528 1394 accuratius
1537 1333 1622 1424 indi7

394 1466 469 1513 care
497 1451 699 1526 omiserunt,
729 1449 853 1511 nedum
876 1450 917 1511 ds
939 1453 1048 1511 matre
1071 1450 1249 1523 quicquam
1271 1448 1341 1508 sint
1363 1446 1535 1524 prolocuti
1557 1447 1622 1508 sed

393 1579 460 1626 non
497 1565 684 1624 omiserunt
716 1563 896 1625 ohservare
929 1564 1094 1625 Teucrum
1128 1563 1191 1624 sub
1224 1563 1339 1622 Aiacis
1378 1561 1485 1636 clipeo
1517 1561 1622 1622 latore

394 1676 532 1742 solitum
567 1677 687 1754 tuisse,
722 1678 772 1738 ita
804 1679 843 1738 ut
877 1678 912 1737 hi
946 1691 1075 1751 quoqne
1109 1677 1227 1737 heroes
1255 1674 1351 1737 velut
1378 1690 1467 1735 unus
1495 1673 1624 1738 fierent.

395 1791 431 1852 n.
444 1807 475 1867 g.
502 1791 634 1854 0267:

617 1897 684 1983 ’στῆ
708 1898 737 1964 δ’
751 1899 800 1984 ἄρ’
826 1899 875 1964 ὑπ’
903 1902 1039 1976 Δαντος
1062 1903 1151 1964 σάκει
1171 1902 1407 1981 Τελαμωνιάδαο

396 2019 451 2081 vel

616 2132 714 2214 αὖτὰρ
737 2128 754 2193 ὃ
777 2124 864 2205 αὖτις
886 2131 954 2211 ἰὼν,
974 2133 1048 2205 πάις
1070 2129 1112 2205 ὃς
1134 2131 1196 2194 ὑπὸ
1219 2128 1322 2213 μητέρ’
1347 2131 1456 2194 ἔδοντο

616 2246 660 2319 είς
684 2241 811 2306 Αἴανθ’·
834 2241 851 2306 ὃ
875 2244 910 2306 δέ
928 2269 982 2324 μιν
1005 2241 1088 2307 σάκε’
1113 2244 1288 2326 {aptivam
1311 2258 1436 2331 φαεινῷ.

439 2361 489 2422 Ex
521 2361 677 2423 omnibus
706 2362 808 2436 igitur
835 2360 920 2422 locis
949 2362 1129 2423 homericis
1158 2378 1259 2438 supra
1281 2362 1397 2424 allatis
1418 2377 1458 2422 ac
1478 2362 1566 2422 inter
1587 2376 1628 2421 se

400 2475 603 2551 comparatis
635 2475 697 2535 hoc
726 2475 893 2550 sequitur:
924 2474 1045 2536 Aiaces
1067 2478 1101 2536 et
1124 2476 1289 2537 Teucrum
1310 2475 1455 2537 triadem
1477 2476 1625 2536 asscita

398 2590 627 2665 comparatam
661 2592 699 2650 ut
732 2589 841 2650 minor
875 2590 961 2650 Aiax
995 2603 1017 2648 a
1045 2590 1172 2652 maiore
1199 2591 1328 2652 secerni
1355 2592 1499 2664 nequeat
1518 2603 1627 2662 neque

394 2701 519 2764 Teucer
542 2717 562 2763 a
584 2704 719 2763 maiore.
739 2704 857 2764 Aiaces
875 2704 1074 2778 praesertim
1092 2705 1189 2778 quasi
1208 2720 1251 2765 ex
1268 2719 1336 2766 uno
1354 2705 1454 2767 heroe
1464 2704 1627 2765 (incretos

395 2815 531 2877 dixeris.
560 2816 671 2890 Neque
701 2819 849 2895 tempus,
874 2832 939 2892 quo
962 2817 1131 2879 coniuncti
1152 2821 1280 2895 essent,
1303 2818 1411 2880 multo
1433 2818 1625 2881 homericae

395 2929 499 2990 aetati
528 2931 764 3008 antecessisse,
789 2930 842 2992 vel
864 2931 941 2992 inde
963 2933 1156 3010 suspiceris,
1180 2933 1280 3009 quod,
1306 2948 1380 2994 cum
1404 2933 1514 2993 minor
1536 2933 1625 2992 Aiax

396 3057 566 3117 nunquam
589 3058 655 3105 non
677 3045 852 3106 Locrensis
874 3047 1022 3120 vocetur,
1045 3046 1155 3108 maior
1172 3047 1300 3108 duobus
1317 3046 1400 3108 locis
1417 3044 1626 3122 interpolatis

396 3157 545 3233 exceptis
586 3157 731 3219 nondum
767 3159 802 3218 in
836 3159 939 3220 Iliade
972 3160 1140 3236 propriam
1175 3159 1239 3220 sibi
1272 3160 1439 3252 invenerit
1472 3159 1627 3235 patriam.

397 3272 426 3331 A
457 3272 586 3332 minore
616 3272 754 3334 avulsus
784 3273 917 3348 regione
940 3273 1044 3334 natali
1067 3273 1183 3334 relicta
1205 3275 1330 3335 trustra
1352 3288 1476 3335 novam
1498 3274 1628 3348 quaerit

397 3385 521 3446 sedem.
547 3386 571 3442 B
595 3387 657 3448 557
683 3386 782 3448 modo
806 3389 840 3447 et
861 3389 894 3446 H
917 3388 978 3449 197
999 3403 1070 3462 sqq.
1090 3389 1227 3451 heroem
1245 3402 1264 3447 e
1283 3387 1450 3449 Salamine
1462 3387 1622 3462 originem

398 3498 533 3560 duxisse
567 3498 713 3560 atiirmat
746 3502 854 3576 poeta.
889 3501 1076 3574 Utrumque
1110 3516 1188 3562 vero
1222 3516 1358 3561 versum
1388 3499 1623 3575 interpolatum
1746 3584 1747 3589 ἵ

396 3625 471 3672 esse
502 3612 657 3673 certatim
688 3614 928 3674 contenderunt
955 3615 1062 3674 critici
1090 3617 1162 3676 tam
1192 3615 1319 3688 antiqui
1342 3628 1442 3687 quam
1464 3613 1623 3675 hodierni.

395 3723 541 3799 Primus,
576 3726 633 3800 qui
666 3728 810 3788 testatus
840 3729 894 3788 est
916 3729 952 3785 Η
974 3728 1036 3788 197
1060 3743 1130 3802 sqq.
1154 3730 1254 3789 notos
1278 3727 1342 3789 sibi
1364 3726 1536 3802 habuisse,
1559 3727 1623 3786 tuit

396 3837 560 3900 Pindarus
582 3840 677 3900 Nem.
700 3841 733 3900 Π
758 3842 816 3900 13;

616 3950 668 4012 καί
691 3950 752 4031 μὰν
775 3949 795 4012 ἆ
818 3953 956 4032 Σαλαμίς
979 3976 1013 4034 γε
1034 3951 1162 4032 θρέψοιΙ
1176 3963 1263 4032 φῶτα
1285 3953 1422 4034 μαχατὰν

707 4065 848 4139 δυνατός.
873 4065 906 4127 ἐν
932 4068 1024 4150 Τροίᾳ
1047 4065 1102 4147 μὲν
1116 4065 1191 4128 Ἔκ-

706 4202 764 4260 τωρ
788 4179 922 4252 Αἴαντος
946 4178 1086 4242 ἄκουσεν.

440 4295 530 4370 Quod
559 4296 598 4356 ad
624 4297 648 4353 B
671 4297 735 4357 557
761 4311 810 4368 sq.
835 4297 969 4372 attinet,
994 4311 1013 4356 e
1038 4296 1148 4357 verbis
1171 4297 1345 4359 Strabonis
1369 4298 1428 4368 (IX
1452 4299 1544 4368 394);
1572 4297 1625 4373 ,oi

396 4403 451 4485 μὲν
479 4399 535 4468 οὖν
559 4412 717 4486 Ἀθηναῖοι
739 4408 883 4486 τοιαύτην
906 4431 973 4468 τινα
998 4408 1180 4487 ονηψαοθαι
1204 4411 1373 4491 μαρτυρίαν
1394 4405 1466 4488 παρ’
1486 4405 1622 4488 Ὁμήρου

397 4521 552 4582 δοκοῦσιν·
576 4521 608 4582 οἱ
628 4518 661 4582 δὲ
685 4525 838 4602 Μεγαρεῖς
862 4518 1195 4609 ἀντιπαρροδηοαι
1217 4523 1321 4596 αὐτοῖς
1345 4524 1451 4596 οὕτως·

616 4635 694 4707 Αἴας
718 4631 745 4695 δ’
774 4633 806 4695 ἐν
828 4637 1005 4713 Σαλαμῖνος
1028 4633 1101 4716 ἆγεν
1125 4634 1195 4710 νίας
1219 4636 1252 4698 ἔν
1275 4660 1304 4698 τε
1328 4637 1481 4716 Πολίχνης

616 4747 649 4816 ἔκ
672 4744 697 4814 τ’
726 4749 946 4834 Αἰγειρούσοης
969 4751 1103 4829 Νισαίης
1127 4773 1157 4814 τε
1183 4751 1343 4831 Τριπόδων
1367 4753 1430 4835 τέ’,
