<?xml version="1.0" encoding="UTF-8"?>
<!DOCTYPE html PUBLIC "-//W3C//DTD XHTML 1.0 Transitional//EN"
    "http://www.w3.org/TR/xhtml1/DTD/xhtml1-transitional.dtd">
<html xmlns="http://www.w3.org/1999/xhtml" xml:lang="en" lang="en">
 <head>
  <title>
</title>
<meta http-equiv="Content-Type" content="text/html;charset=utf-8" />
  <meta name='ocr-system' content='tesseract 3.04.00' />
  <meta name='ocr-capabilities' content='ocr_page ocr_carea ocr_par ocr_line ocrx_word'/>
</head>
<body>
  <div class='ocr_page' id='page_1' title='image "./deajacisorigine00vgoog_0143.png"; bbox 0 0 3525 5692; ppageno 0'>
   <div class='ocr_carea' id='block_1_1' title="bbox 668 742 844 787">
    <p class='ocr_par' dir='ltr' id='par_1_1' title="bbox 668 742 844 787">
     <span class='ocr_line' id='line_1_1' title="bbox 668 742 844 787; baseline 0.006 -1"><span class='ocrx_word' id='word_1_1' title='bbox 668 742 710 786; x_wconf 75' lang='lat' dir='ltr'><strong>DE</strong></span> <span class='ocrx_word' id='word_1_2' title='bbox 732 742 844 787; x_wconf 74' lang='lat' dir='ltr'><strong>amon.</strong></span> 
     </span>
    </p>
   </div>
   <div class='ocr_carea' id='block_1_2' title="bbox 672 1083 854 1166">
    <p class='ocr_par' dir='ltr' id='par_1_2' title="bbox 672 1083 854 1166">
     <span class='ocr_line' id='line_1_2' title="bbox 672 1083 854 1166; baseline 0.011 -19"><span class='ocrx_word' id='word_1_3' title='bbox 672 1083 854 1166; x_wconf 79' lang='lat' dir='ltr'><strong>Epilogus.</strong></span> 
     </span>
    </p>
   </div>
   <div class='ocr_carea' id='block_1_3' title="bbox 89 1270 1458 4885">
    <p class='ocr_par' dir='ltr' id='par_1_3' title="bbox 143 1270 1458 2601">
     <span class='ocr_line' id='line_1_3' title="bbox 189 1270 1383 1348; baseline 0.002 -18"><span class='ocrx_word' id='word_1_4' title='bbox 189 1270 303 1330; x_wconf 81' lang='lat' dir='ltr'><strong>Iliadis</strong></span> <span class='ocrx_word' id='word_1_5' title='bbox 326 1272 518 1346; x_wconf 90' lang='lat' dir='ltr'><strong>aenigmata</strong></span> <span class='ocrx_word' id='word_1_6' title='bbox 541 1272 697 1348; x_wconf 80' lang='lat' dir='ltr'>Sphingis</span> <span class='ocrx_word' id='word_1_7' title='bbox 720 1271 788 1332; x_wconf 93' lang='lat' dir='ltr'><strong>illis</strong></span> <span class='ocrx_word' id='word_1_8' title='bbox 812 1272 1019 1333; x_wconf 87' lang='lat' dir='ltr'><strong>intricatiora</strong></span> <span class='ocrx_word' id='word_1_9' title='bbox 1040 1275 1078 1333; x_wconf 91' lang='lat' dir='ltr'><strong>ut</strong></span> <span class='ocrx_word' id='word_1_10' title='bbox 1096 1273 1241 1333; x_wconf 88' lang='lat' dir='ltr'><strong>solveret</strong></span> <span class='ocrx_word' id='word_1_11' title='bbox 1260 1273 1383 1334; x_wconf 88' lang='lat' dir='ltr'><strong>nostris</strong></span> 
     </span>
     <span class='ocr_line' id='line_1_4' title="bbox 145 1385 1382 1464; baseline 0.002 -20"><span class='ocrx_word' id='word_1_12' title='bbox 145 1385 259 1445; x_wconf 89' lang='lat' dir='ltr'><strong>diebus</strong></span> <span class='ocrx_word' id='word_1_13' title='bbox 288 1386 386 1446; x_wconf 90' lang='lat' dir='ltr'><strong>novis</strong></span> <span class='ocrx_word' id='word_1_14' title='bbox 415 1387 509 1447; x_wconf 90' lang='lat' dir='ltr'><strong>initis</strong></span> <span class='ocrx_word' id='word_1_15' title='bbox 539 1387 604 1448; x_wconf 91' lang='lat' dir='ltr'><strong>viis</strong></span> <span class='ocrx_word' id='word_1_16' title='bbox 631 1389 805 1448; x_wconf 92' lang='lat' dir='ltr'><strong>strenuam</strong></span> <span class='ocrx_word' id='word_1_17' title='bbox 836 1386 927 1447; x_wconf 82' lang='lat' dir='ltr'>dedit</span> <span class='ocrx_word' id='word_1_18' title='bbox 957 1402 1092 1462; x_wconf 84' lang='lat' dir='ltr'><strong>operam</strong></span> <span class='ocrx_word' id='word_1_19' title='bbox 1124 1387 1240 1447; x_wconf 83' lang='grc'><strong>1111111</strong></span> <span class='ocrx_word' id='word_1_20' title='bbox 1263 1387 1382 1464; x_wconf 87' lang='lat' dir='ltr'><strong>Bethe,</strong></span> 
     </span>
     <span class='ocr_line' id='line_1_5' title="bbox 145 1498 1383 1575; baseline 0.002 -18"><span class='ocrx_word' id='word_1_21' title='bbox 145 1499 240 1558; x_wconf 92' lang='lat' dir='ltr'><strong>cuius</strong></span> <span class='ocrx_word' id='word_1_22' title='bbox 269 1498 518 1572; x_wconf 76' lang='lat' dir='ltr'><strong>disquisitiones</strong></span> <span class='ocrx_word' id='word_1_23' title='bbox 547 1500 661 1575; x_wconf 76' lang='lat' dir='ltr'><strong>sagaci</strong></span> <span class='ocrx_word' id='word_1_24' title='bbox 691 1499 843 1561; x_wconf 90' lang='lat' dir='ltr'><strong>doctrina</strong></span> <span class='ocrx_word' id='word_1_25' title='bbox 874 1499 1087 1562; x_wconf 86' lang='lat' dir='ltr'><strong>substructae</strong></span> <span class='ocrx_word' id='word_1_26' title='bbox 1117 1500 1260 1574; x_wconf 90' lang='lat' dir='ltr'><strong>stiloque</strong></span> <span class='ocrx_word' id='word_1_27' title='bbox 1284 1501 1383 1561; x_wconf 88' lang='lat' dir='ltr'><strong>alacri</strong></span> 
     </span>
     <span class='ocr_line' id='line_1_6' title="bbox 143 1612 1381 1688; baseline 0.002 -17"><span class='ocrx_word' id='word_1_28' title='bbox 143 1612 301 1672; x_wconf 85' lang='lat' dir='ltr'><strong>defensae</strong></span> <span class='ocrx_word' id='word_1_29' title='bbox 331 1614 372 1673; x_wconf 88' lang='lat' dir='ltr'><strong>ad</strong></span> <span class='ocrx_word' id='word_1_30' title='bbox 403 1612 511 1674; x_wconf 82' lang='lat' dir='ltr'><strong>nobile</strong></span> <span class='ocrx_word' id='word_1_31' title='bbox 538 1615 708 1674; x_wconf 89' lang='lat' dir='ltr'><strong>certamen</strong></span> <span class='ocrx_word' id='word_1_32' title='bbox 732 1613 910 1688; x_wconf 89' lang='lat' dir='ltr'><strong>philologis</strong></span> <span class='ocrx_word' id='word_1_33' title='bbox 934 1628 1066 1688; x_wconf 86' lang='lat' dir='ltr'><strong>semper</strong></span> <span class='ocrx_word' id='word_1_34' title='bbox 1088 1614 1282 1674; x_wconf 90' lang='lat' dir='ltr'><strong>adamatum</strong></span> <span class='ocrx_word' id='word_1_35' title='bbox 1310 1628 1381 1674; x_wconf 91' lang='lat' dir='ltr'><strong>con·</strong></span> 
     </span>
     <span class='ocr_line' id='line_1_7' title="bbox 145 1726 1383 1803; baseline 0.001 -18"><span class='ocrx_word' id='word_1_36' title='bbox 145 1727 308 1786; x_wconf 90' lang='lat' dir='ltr'><strong>vocarunt</strong></span> <span class='ocrx_word' id='word_1_37' title='bbox 330 1726 464 1801; x_wconf 89' lang='lat' dir='ltr'><strong>ingenia</strong></span> <span class='ocrx_word' id='word_1_38' title='bbox 487 1727 626 1788; x_wconf 90' lang='lat' dir='ltr'><strong>aliorum</strong></span> <span class='ocrx_word' id='word_1_39' title='bbox 651 1742 777 1788; x_wconf 86' lang='lat' dir='ltr'><strong>necnon</strong></span> <span class='ocrx_word' id='word_1_40' title='bbox 801 1727 996 1802; x_wconf 83' lang='lat' dir='ltr'><strong>effecerunt,</strong></span> <span class='ocrx_word' id='word_1_41' title='bbox 1021 1729 1058 1787; x_wconf 91' lang='lat' dir='ltr'><strong>ut</strong></span> <span class='ocrx_word' id='word_1_42' title='bbox 1080 1741 1135 1786; x_wconf 91' lang='lat' dir='ltr'><strong>me</strong></span> <span class='ocrx_word' id='word_1_43' title='bbox 1153 1741 1320 1803; x_wconf 85' lang='lat' dir='ltr'><strong>rogarem,</strong></span> <span class='ocrx_word' id='word_1_44' title='bbox 1341 1742 1383 1787; x_wconf 93' lang='lat' dir='ltr'><strong>an</strong></span> 
     </span>
     <span class='ocr_line' id='line_1_8' title="bbox 144 1839 1383 1916; baseline 0.001 -17"><span class='ocrx_word' id='word_1_45' title='bbox 144 1839 289 1900; x_wconf 77' lang='lat' dir='ltr'><strong>fortasse</strong></span> <span class='ocrx_word' id='word_1_46' title='bbox 332 1840 591 1916; x_wconf 83' lang='lat' dir='ltr'><strong>investigatione</strong></span> <span class='ocrx_word' id='word_1_47' title='bbox 625 1842 665 1902; x_wconf 92' lang='lat' dir='ltr'><strong>de</strong></span> <span class='ocrx_word' id='word_1_48' title='bbox 700 1840 842 1915; x_wconf 90' lang='lat' dir='ltr'><strong>singulis</strong></span> <span class='ocrx_word' id='word_1_49' title='bbox 876 1841 1033 1902; x_wconf 82' lang='lat' dir='ltr'><strong>homibus</strong></span> <span class='ocrx_word' id='word_1_50' title='bbox 1066 1841 1100 1900; x_wconf 93' lang='lat' dir='ltr'><strong>in</strong></span> <span class='ocrx_word' id='word_1_51' title='bbox 1134 1840 1237 1902; x_wconf 85' lang='lat' dir='ltr'><strong>iliade</strong></span> <span class='ocrx_word' id='word_1_52' title='bbox 1270 1843 1383 1915; x_wconf 86' lang='lat' dir='ltr'><strong>partes</strong></span> 
     </span>
     <span class='ocr_line' id='line_1_9' title="bbox 146 1953 1380 2030; baseline 0.001 -18"><span class='ocrx_word' id='word_1_53' title='bbox 146 1953 291 2014; x_wconf 90' lang='lat' dir='ltr'><strong>maiores</strong></span> <span class='ocrx_word' id='word_1_54' title='bbox 314 1954 489 2029; x_wconf 90' lang='lat' dir='ltr'><strong>agentibus</strong></span> <span class='ocrx_word' id='word_1_55' title='bbox 513 1954 628 2016; x_wconf 86' lang='lat' dir='ltr'><strong>habita</strong></span> <span class='ocrx_word' id='word_1_56' title='bbox 647 1955 923 2028; x_wconf 83' lang='lat' dir='ltr'><strong>documentisque</strong></span> <span class='ocrx_word' id='word_1_57' title='bbox 942 1955 982 2015; x_wconf 92' lang='lat' dir='ltr'><strong>de</strong></span> <span class='ocrx_word' id='word_1_58' title='bbox 1002 1969 1115 2015; x_wconf 90' lang='lat' dir='ltr'><strong>eorum</strong></span> <span class='ocrx_word' id='word_1_59' title='bbox 1134 1954 1253 2030; x_wconf 85' lang='lat' dir='ltr'><strong>patria,</strong></span> <span class='ocrx_word' id='word_1_60' title='bbox 1276 1954 1380 2030; x_wconf 87' lang='lat' dir='ltr'><strong>cultu,</strong></span> 
     </span>
     <span class='ocr_line' id='line_1_10' title="bbox 144 2066 1382 2146; baseline 0.002 -20"><span class='ocrx_word' id='word_1_61' title='bbox 144 2067 281 2143; x_wconf 90' lang='lat' dir='ltr'><strong>origine,</strong></span> <span class='ocrx_word' id='word_1_62' title='bbox 311 2066 460 2129; x_wconf 87' lang='lat' dir='ltr'><strong>collectis</strong></span> <span class='ocrx_word' id='word_1_63' title='bbox 482 2068 604 2129; x_wconf 90' lang='lat' dir='ltr'><strong>melius</strong></span> <span class='ocrx_word' id='word_1_64' title='bbox 627 2069 769 2144; x_wconf 85' lang='lat' dir='ltr'><strong>perspici</strong></span> <span class='ocrx_word' id='word_1_65' title='bbox 792 2071 921 2146; x_wconf 90' lang='lat' dir='ltr'><strong>posset,</strong></span> <span class='ocrx_word' id='word_1_66' title='bbox 946 2068 1108 2143; x_wconf 91' lang='lat' dir='ltr'><strong>quomodo</strong></span> <span class='ocrx_word' id='word_1_67' title='bbox 1131 2069 1243 2128; x_wconf 90' lang='lat' dir='ltr'><strong>variae</strong></span> <span class='ocrx_word' id='word_1_68' title='bbox 1266 2071 1382 2143; x_wconf 88' lang='lat' dir='ltr'><strong>gentes</strong></span> 
     </span>
     <span class='ocr_line' id='line_1_11' title="bbox 144 2182 1458 2269; baseline 0.002 -28"><span class='ocrx_word' id='word_1_69' title='bbox 144 2196 203 2256; x_wconf 91' lang='lat' dir='ltr'><strong>per</strong></span> <span class='ocrx_word' id='word_1_70' title='bbox 226 2182 377 2243; x_wconf 89' lang='lat' dir='ltr'><strong>carmina</strong></span> <span class='ocrx_word' id='word_1_71' title='bbox 399 2197 461 2243; x_wconf 92' lang='lat' dir='ltr'><strong>sua</strong></span> <span class='ocrx_word' id='word_1_72' title='bbox 483 2183 658 2258; x_wconf 88' lang='lat' dir='ltr'><strong>popularia</strong></span> <span class='ocrx_word' id='word_1_73' title='bbox 681 2183 722 2243; x_wconf 89' lang='lat' dir='ltr'><strong>ad</strong></span> <span class='ocrx_word' id='word_1_74' title='bbox 745 2184 881 2244; x_wconf 87' lang='lat' dir='ltr'><strong>heroem</strong></span> <span class='ocrx_word' id='word_1_75' title='bbox 906 2198 1005 2243; x_wconf 93' lang='lat' dir='ltr'><strong>suum</strong></span> <span class='ocrx_word' id='word_1_76' title='bbox 1030 2183 1215 2258; x_wconf 90' lang='lat' dir='ltr'><strong>spectantia</strong></span> <span class='ocrx_word' id='word_1_77' title='bbox 1238 2183 1278 2244; x_wconf 90' lang='lat' dir='ltr'><strong>ad</strong></span> <span class='ocrx_word' id='word_1_78' title='bbox 1301 2198 1383 2258; x_wconf 91' lang='lat' dir='ltr'><strong>opus</strong></span> <span class='ocrx_word' id='word_1_79' title='bbox 1456 2265 1458 2269; x_wconf 18' lang='grc' dir='ltr'>ι</span> 
     </span>
     <span class='ocr_line' id='line_1_12' title="bbox 146 2296 1383 2375; baseline 0.002 -19"><span class='ocrx_word' id='word_1_80' title='bbox 146 2296 285 2357; x_wconf 89' lang='lat' dir='ltr'><strong>maioris</strong></span> <span class='ocrx_word' id='word_1_81' title='bbox 315 2296 463 2357; x_wconf 87' lang='lat' dir='ltr'><strong>ambitus</strong></span> <span class='ocrx_word' id='word_1_82' title='bbox 492 2297 705 2372; x_wconf 90' lang='lat' dir='ltr'><strong>pangendum</strong></span> <span class='ocrx_word' id='word_1_83' title='bbox 738 2297 989 2358; x_wconf 88' lang='lat' dir='ltr'><strong>contribuerint.</strong></span> <span class='ocrx_word' id='word_1_84' title='bbox 1022 2298 1088 2375; x_wconf 84' lang='lat' dir='ltr'><strong>Sic,</strong></span> <span class='ocrx_word' id='word_1_85' title='bbox 1115 2301 1152 2359; x_wconf 94' lang='lat' dir='ltr'><strong>ut</strong></span> <span class='ocrx_word' id='word_1_86' title='bbox 1176 2302 1208 2359; x_wconf 90' lang='lat' dir='ltr'><strong>et</strong></span> <span class='ocrx_word' id='word_1_87' title='bbox 1232 2298 1302 2372; x_wconf 92' lang='lat' dir='ltr'><strong>ipse</strong></span> <span class='ocrx_word' id='word_1_88' title='bbox 1325 2314 1383 2374; x_wconf 92' lang='lat' dir='ltr'><strong>pro</strong></span> 
     </span>
     <span class='ocr_line' id='line_1_13' title="bbox 146 2409 1382 2488; baseline 0.001 -17"><span class='ocrx_word' id='word_1_89' title='bbox 146 2409 273 2471; x_wconf 92' lang='lat' dir='ltr'><strong>viribus</strong></span> <span class='ocrx_word' id='word_1_90' title='bbox 292 2411 377 2471; x_wconf 92' lang='lat' dir='ltr'><strong>meis</strong></span> <span class='ocrx_word' id='word_1_91' title='bbox 396 2411 637 2487; x_wconf 83' lang='lat' dir='ltr'><strong>experientiam</strong></span> <span class='ocrx_word' id='word_1_92' title='bbox 658 2409 819 2488; x_wconf 80' lang='lat' dir='ltr'><strong>facerem,</strong></span> <span class='ocrx_word' id='word_1_93' title='bbox 840 2411 965 2486; x_wconf 89' lang='lat' dir='ltr'><strong>arripui</strong></span> <span class='ocrx_word' id='word_1_94' title='bbox 976 2412 1108 2488; x_wconf 86' lang='lat' dir='ltr'><strong>Aiaces,</strong></span> <span class='ocrx_word' id='word_1_95' title='bbox 1123 2412 1163 2472; x_wconf 89' lang='lat' dir='ltr'><strong>da</strong></span> <span class='ocrx_word' id='word_1_96' title='bbox 1175 2411 1294 2486; x_wconf 93' lang='lat' dir='ltr'><strong>quibus</strong></span> <span class='ocrx_word' id='word_1_97' title='bbox 1305 2427 1382 2472; x_wconf 93' lang='lat' dir='ltr'><strong>non·</strong></span> 
     </span>
     <span class='ocr_line' id='line_1_14' title="bbox 146 2524 1382 2601; baseline 0 -15"><span class='ocrx_word' id='word_1_98' title='bbox 146 2524 239 2586; x_wconf 90' lang='lat' dir='ltr'><strong>nulla</strong></span> <span class='ocrx_word' id='word_1_99' title='bbox 258 2526 405 2587; x_wconf 91' lang='lat' dir='ltr'><strong>nondum</strong></span> <span class='ocrx_word' id='word_1_100' title='bbox 425 2527 510 2587; x_wconf 87' lang='lat' dir='ltr'><strong>satis</strong></span> <span class='ocrx_word' id='word_1_101' title='bbox 529 2526 563 2586; x_wconf 94' lang='lat' dir='ltr'><strong>in</strong></span> <span class='ocrx_word' id='word_1_102' title='bbox 582 2525 692 2586; x_wconf 91' lang='lat' dir='ltr'><strong>lucem</strong></span> <span class='ocrx_word' id='word_1_103' title='bbox 712 2527 880 2601; x_wconf 87' lang='lat' dir='ltr'><strong>protracta</strong></span> <span class='ocrx_word' id='word_1_104' title='bbox 900 2525 1017 2586; x_wconf 86' lang='lat' dir='ltr'><strong>afferre</strong></span> <span class='ocrx_word' id='word_1_105' title='bbox 1035 2541 1132 2601; x_wconf 88' lang='lat' dir='ltr'><strong>posse</strong></span> <span class='ocrx_word' id='word_1_106' title='bbox 1145 2525 1228 2586; x_wconf 91' lang='lat' dir='ltr'><strong>mihi</strong></span> <span class='ocrx_word' id='word_1_107' title='bbox 1239 2525 1382 2586; x_wconf 91' lang='lat' dir='ltr'><strong>videbar.</strong></span> 
     </span>
    </p>

    <p class='ocr_par' dir='ltr' id='par_1_4' title="bbox 89 2638 1387 4885">
     <span class='ocr_line' id='line_1_15' title="bbox 191 2638 1383 2715; baseline 0 -16"><span class='ocrx_word' id='word_1_108' title='bbox 191 2639 389 2700; x_wconf 85' lang='lat' dir='ltr'><strong>Admonitos</strong></span> <span class='ocrx_word' id='word_1_109' title='bbox 424 2639 526 2700; x_wconf 90' lang='lat' dir='ltr'><strong>velim</strong></span> <span class='ocrx_word' id='word_1_110' title='bbox 562 2639 706 2700; x_wconf 89' lang='lat' dir='ltr'><strong>lectores</strong></span> <span class='ocrx_word' id='word_1_111' title='bbox 736 2654 845 2715; x_wconf 91' lang='lat' dir='ltr'><strong>meos,</strong></span> <span class='ocrx_word' id='word_1_112' title='bbox 877 2638 907 2699; x_wconf 92' lang='lat' dir='ltr'><strong>si</strong></span> <span class='ocrx_word' id='word_1_113' title='bbox 938 2654 1036 2713; x_wconf 91' lang='lat' dir='ltr'><strong>quem</strong></span> <span class='ocrx_word' id='word_1_114' title='bbox 1062 2639 1167 2699; x_wconf 91' lang='lat' dir='ltr'><strong>alium</strong></span> <span class='ocrx_word' id='word_1_115' title='bbox 1192 2654 1247 2698; x_wconf 90' lang='lat' dir='ltr'><strong>me</strong></span> <span class='ocrx_word' id='word_1_116' title='bbox 1273 2639 1383 2714; x_wconf 90' lang='lat' dir='ltr'><strong>ipsum</strong></span> 
     </span>
     <span class='ocr_line' id='line_1_16' title="bbox 146 2752 1383 2828; baseline 0.002 -16"><span class='ocrx_word' id='word_1_117' title='bbox 146 2769 212 2814; x_wconf 91' lang='lat' dir='ltr'><strong>non</strong></span> <span class='ocrx_word' id='word_1_118' title='bbox 244 2752 346 2813; x_wconf 87' lang='lat' dir='ltr'><strong>latere</strong></span> <span class='ocrx_word' id='word_1_119' title='bbox 378 2769 476 2827; x_wconf 89' lang='lat' dir='ltr'><strong>quarn</strong></span> <span class='ocrx_word' id='word_1_120' title='bbox 500 2754 547 2814; x_wconf 89' lang='lat' dir='ltr'><strong>sit</strong></span> <span class='ocrx_word' id='word_1_121' title='bbox 569 2753 662 2815; x_wconf 86' lang='lat' dir='ltr'><strong>aleae</strong></span> <span class='ocrx_word' id='word_1_122' title='bbox 685 2754 822 2828; x_wconf 91' lang='lat' dir='ltr'><strong>plenum</strong></span> <span class='ocrx_word' id='word_1_123' title='bbox 847 2754 1077 2814; x_wconf 88' lang='lat' dir='ltr'><strong>huiuscemodi</strong></span> <span class='ocrx_word' id='word_1_124' title='bbox 1101 2767 1278 2827; x_wconf 87' lang='lat' dir='ltr'><strong>conamen;</strong></span> <span class='ocrx_word' id='word_1_125' title='bbox 1304 2753 1383 2814; x_wconf 84' lang='lat' dir='ltr'><strong>dilii-</strong></span> 
     </span>
     <span class='ocr_line' id='line_1_17' title="bbox 144 2866 1382 2944; baseline -0.002 -15"><span class='ocrx_word' id='word_1_126' title='bbox 144 2866 289 2929; x_wconf 87' lang='lat' dir='ltr'><strong>cultates</strong></span> <span class='ocrx_word' id='word_1_127' title='bbox 318 2868 486 2943; x_wconf 86' lang='lat' dir='ltr'><strong>spinosas,</strong></span> <span class='ocrx_word' id='word_1_128' title='bbox 517 2868 601 2928; x_wconf 91' lang='lat' dir='ltr'><strong>mihi</strong></span> <span class='ocrx_word' id='word_1_129' title='bbox 630 2867 767 2944; x_wconf 91' lang='lat' dir='ltr'><strong>credite,</strong></span> <span class='ocrx_word' id='word_1_130' title='bbox 798 2867 951 2942; x_wconf 87' lang='lat' dir='ltr'><strong>persensi</strong></span> <span class='ocrx_word' id='word_1_131' title='bbox 979 2883 1054 2928; x_wconf 92' lang='lat' dir='ltr'><strong>cum</strong></span> <span class='ocrx_word' id='word_1_132' title='bbox 1078 2868 1112 2927; x_wconf 93' lang='lat' dir='ltr'><strong>in</strong></span> <span class='ocrx_word' id='word_1_133' title='bbox 1135 2867 1291 2943; x_wconf 89' lang='lat' dir='ltr'><strong>vepribus</strong></span> <span class='ocrx_word' id='word_1_134' title='bbox 1314 2882 1382 2928; x_wconf 88' lang='lat' dir='ltr'><strong>ver·</strong></span> 
     </span>
     <span class='ocr_line' id='line_1_18' title="bbox 146 2980 1382 3056; baseline -0.001 -15"><span class='ocrx_word' id='word_1_135' title='bbox 146 2981 247 3042; x_wconf 89' lang='lat' dir='ltr'><strong>sabar</strong></span> <span class='ocrx_word' id='word_1_136' title='bbox 280 2980 522 3054; x_wconf 86' lang='lat' dir='ltr'><strong>haerebamque</strong></span> <span class='ocrx_word' id='word_1_137' title='bbox 554 2983 589 3041; x_wconf 92' lang='lat' dir='ltr'><strong>in</strong></span> <span class='ocrx_word' id='word_1_138' title='bbox 623 2981 790 3056; x_wconf 84' lang='lat' dir='ltr'><strong>virgultis.</strong></span> <span class='ocrx_word' id='word_1_139' title='bbox 827 2981 940 3054; x_wconf 88' lang='lat' dir='ltr'><strong>Neque</strong></span> <span class='ocrx_word' id='word_1_140' title='bbox 970 2980 1080 3041; x_wconf 92' lang='lat' dir='ltr'><strong>solum</strong></span> <span class='ocrx_word' id='word_1_141' title='bbox 1111 2981 1282 3042; x_wconf 85' lang='lat' dir='ltr'><strong>obstacula</strong></span> <span class='ocrx_word' id='word_1_142' title='bbox 1309 2980 1382 3056; x_wconf 89' lang='lat' dir='ltr'><strong>illa,</strong></span> 
     </span>
     <span class='ocr_line' id='line_1_19' title="bbox 147 3094 1382 3174; baseline -0.005 -15"><span class='ocrx_word' id='word_1_143' title='bbox 147 3113 231 3170; x_wconf 85' lang='lat' dir='ltr'><strong>quae</strong></span> <span class='ocrx_word' id='word_1_144' title='bbox 255 3094 309 3158; x_wconf 81' lang='lat' dir='ltr'><strong>r&#39;es</strong></span> <span class='ocrx_word' id='word_1_145' title='bbox 330 3097 510 3172; x_wconf 87' lang='lat' dir='ltr'><strong>praebebat</strong></span> <span class='ocrx_word' id='word_1_146' title='bbox 532 3098 620 3174; x_wconf 89' lang='lat' dir='ltr'><strong>ipsa,</strong></span> <span class='ocrx_word' id='word_1_147' title='bbox 643 3099 740 3157; x_wconf 91' lang='lat' dir='ltr'><strong>erant</strong></span> <span class='ocrx_word' id='word_1_148' title='bbox 762 3097 961 3173; x_wconf 89' lang='lat' dir='ltr'><strong>superanda,</strong></span> <span class='ocrx_word' id='word_1_149' title='bbox 987 3097 1045 3157; x_wconf 89' lang='lat' dir='ltr'><strong>sed</strong></span> <span class='ocrx_word' id='word_1_150' title='bbox 1070 3097 1173 3157; x_wconf 90' lang='lat' dir='ltr'><strong>etiam</strong></span> <span class='ocrx_word' id='word_1_151' title='bbox 1197 3094 1382 3157; x_wconf 89' lang='lat' dir='ltr'><strong>sententiae</strong></span> 
     </span>
     <span class='ocr_line' id='line_1_20' title="bbox 146 3207 1382 3285; baseline -0.005 -14"><span class='ocrx_word' id='word_1_152' title='bbox 146 3213 225 3271; x_wconf 89' lang='lat' dir='ltr'><strong>ante</strong></span> <span class='ocrx_word' id='word_1_153' title='bbox 254 3225 309 3271; x_wconf 91' lang='lat' dir='ltr'><strong>me</strong></span> <span class='ocrx_word' id='word_1_154' title='bbox 339 3226 359 3271; x_wconf 92' lang='lat' dir='ltr'><strong>a</strong></span> <span class='ocrx_word' id='word_1_155' title='bbox 387 3211 490 3271; x_wconf 88' lang='lat' dir='ltr'><strong>variis</strong></span> <span class='ocrx_word' id='word_1_156' title='bbox 520 3210 643 3270; x_wconf 86' lang='lat' dir='ltr'><strong>criticis</strong></span> <span class='ocrx_word' id='word_1_157' title='bbox 673 3210 708 3270; x_wconf 94' lang='lat' dir='ltr'><strong>in</strong></span> <span class='ocrx_word' id='word_1_158' title='bbox 737 3210 886 3270; x_wconf 89' lang='lat' dir='ltr'><strong>medium</strong></span> <span class='ocrx_word' id='word_1_159' title='bbox 914 3209 1063 3285; x_wconf 87' lang='lat' dir='ltr'><strong>prolatae</strong></span> <span class='ocrx_word' id='word_1_160' title='bbox 1088 3224 1249 3285; x_wconf 89' lang='lat' dir='ltr'><strong>quaeque,</strong></span> <span class='ocrx_word' id='word_1_161' title='bbox 1275 3210 1311 3267; x_wconf 89' lang='lat' dir='ltr'><strong>ut</strong></span> <span class='ocrx_word' id='word_1_162' title='bbox 1335 3207 1382 3266; x_wconf 91' lang='lat' dir='ltr'><strong>ita</strong></span> 
     </span>
     <span class='ocr_line' id='line_1_21' title="bbox 146 3322 1380 3399; baseline -0.003 -15"><span class='ocrx_word' id='word_1_163' title='bbox 146 3325 269 3397; x_wconf 90' lang='lat' dir='ltr'><strong>dicam,</strong></span> <span class='ocrx_word' id='word_1_164' title='bbox 301 3338 373 3384; x_wconf 92' lang='lat' dir='ltr'><strong>rem</strong></span> <span class='ocrx_word' id='word_1_165' title='bbox 404 3322 713 3399; x_wconf 81' lang='lat' dir='ltr'><strong>circumvallabant,</strong></span> <span class='ocrx_word' id='word_1_166' title='bbox 747 3324 902 3383; x_wconf 89' lang='lat' dir='ltr'><strong>accurate</strong></span> <span class='ocrx_word' id='word_1_167' title='bbox 933 3324 1028 3383; x_wconf 90' lang='lat' dir='ltr'><strong>erant</strong></span> <span class='ocrx_word' id='word_1_168' title='bbox 1054 3323 1233 3382; x_wconf 87' lang='lat' dir='ltr'><strong>intuendae</strong></span> <span class='ocrx_word' id='word_1_169' title='bbox 1256 3322 1380 3395; x_wconf 78' lang='grc'><strong>11111-</strong></span> 
     </span>
     <span class='ocr_line' id='line_1_22' title="bbox 146 3435 1379 3514; baseline -0.002 -15"><span class='ocrx_word' id='word_1_170' title='bbox 146 3438 347 3514; x_wconf 87' lang='lat' dir='ltr'><strong>pendendae.</strong></span> <span class='ocrx_word' id='word_1_171' title='bbox 368 3438 455 3512; x_wconf 82' lang='lat' dir='ltr'><strong>Quas</strong></span> <span class='ocrx_word' id='word_1_172' title='bbox 475 3440 588 3498; x_wconf 88' lang='lat' dir='ltr'><strong>autem</strong></span> <span class='ocrx_word' id='word_1_173' title='bbox 607 3452 725 3498; x_wconf 90' lang='lat' dir='ltr'><strong>omnes</strong></span> <span class='ocrx_word' id='word_1_174' title='bbox 743 3437 797 3497; x_wconf 93' lang='lat' dir='ltr'><strong>hic</strong></span> <span class='ocrx_word' id='word_1_175' title='bbox 817 3439 961 3498; x_wconf 88' lang='lat' dir='ltr'><strong>tractare</strong></span> <span class='ocrx_word' id='word_1_176' title='bbox 982 3437 1036 3498; x_wconf 93' lang='lat' dir='ltr'><strong>vel</strong></span> <span class='ocrx_word' id='word_1_177' title='bbox 1052 3436 1187 3497; x_wconf 91' lang='lat' dir='ltr'><strong>laudare</strong></span> <span class='ocrx_word' id='word_1_178' title='bbox 1200 3435 1379 3511; x_wconf 89' lang='lat' dir='ltr'><strong>supersedi.</strong></span> 
     </span>
     <span class='ocr_line' id='line_1_23' title="bbox 148 3549 1380 3626; baseline -0.003 -14"><span class='ocrx_word' id='word_1_179' title='bbox 148 3553 221 3612; x_wconf 91' lang='lat' dir='ltr'><strong>Non</strong></span> <span class='ocrx_word' id='word_1_180' title='bbox 248 3551 332 3625; x_wconf 93' lang='lat' dir='ltr'><strong>quod</strong></span> <span class='ocrx_word' id='word_1_181' title='bbox 355 3566 455 3612; x_wconf 91' lang='lat' dir='ltr'><strong>suurn</strong></span> <span class='ocrx_word' id='word_1_182' title='bbox 480 3552 595 3625; x_wconf 91' lang='lat' dir='ltr'><strong>cuique</strong></span> <span class='ocrx_word' id='word_1_183' title='bbox 618 3551 793 3626; x_wconf 88' lang='lat' dir='ltr'><strong>honorem,</strong></span> <span class='ocrx_word' id='word_1_184' title='bbox 820 3553 982 3625; x_wconf 90' lang='lat' dir='ltr'><strong>quantum</strong></span> <span class='ocrx_word' id='word_1_185' title='bbox 1008 3551 1142 3623; x_wconf 90' lang='lat' dir='ltr'><strong>quidem</strong></span> <span class='ocrx_word' id='word_1_186' title='bbox 1165 3549 1380 3624; x_wconf 88' lang='lat' dir='ltr'><strong>fieripoterat,</strong></span> 
     </span>
     <span class='ocr_line' id='line_1_24' title="bbox 146 3664 1382 3738; baseline -0.002 -13"><span class='ocrx_word' id='word_1_187' title='bbox 146 3665 293 3726; x_wconf 91' lang='lat' dir='ltr'><strong>tribuere</strong></span> <span class='ocrx_word' id='word_1_188' title='bbox 322 3680 388 3725; x_wconf 92' lang='lat' dir='ltr'><strong>non</strong></span> <span class='ocrx_word' id='word_1_189' title='bbox 418 3664 559 3725; x_wconf 88' lang='lat' dir='ltr'><strong>libenter</strong></span> <span class='ocrx_word' id='word_1_190' title='bbox 590 3664 777 3724; x_wconf 89' lang='lat' dir='ltr'><strong>studuerim</strong></span> <span class='ocrx_word' id='word_1_191' title='bbox 809 3664 867 3724; x_wconf 90' lang='lat' dir='ltr'><strong>sed</strong></span> <span class='ocrx_word' id='word_1_192' title='bbox 899 3664 1084 3724; x_wconf 87' lang='lat' dir='ltr'><strong>cavendum</strong></span> <span class='ocrx_word' id='word_1_193' title='bbox 1114 3665 1199 3738; x_wconf 89' lang='lat' dir='ltr'><strong>erat,</strong></span> <span class='ocrx_word' id='word_1_194' title='bbox 1231 3678 1272 3722; x_wconf 92' lang='lat' dir='ltr'><strong>ne</strong></span> <span class='ocrx_word' id='word_1_195' title='bbox 1303 3677 1382 3737; x_wconf 90' lang='lat' dir='ltr'><strong>prae</strong></span> 
     </span>
     <span class='ocr_line' id='line_1_25' title="bbox 147 3777 1383 3854; baseline -0.004 -14"><span class='ocrx_word' id='word_1_196' title='bbox 147 3779 362 3840; x_wconf 87' lang='lat' dir='ltr'><strong>multitudine</strong></span> <span class='ocrx_word' id='word_1_197' title='bbox 380 3779 535 3840; x_wconf 90' lang='lat' dir='ltr'><strong>arborum</strong></span> <span class='ocrx_word' id='word_1_198' title='bbox 559 3777 646 3839; x_wconf 91' lang='lat' dir='ltr'><strong>silva</strong></span> <span class='ocrx_word' id='word_1_199' title='bbox 667 3778 802 3854; x_wconf 87' lang='lat' dir='ltr'><strong>lateret,</strong></span> <span class='ocrx_word' id='word_1_200' title='bbox 828 3778 1012 3838; x_wconf 89' lang='lat' dir='ltr'><strong>cavendum</strong></span> <span class='ocrx_word' id='word_1_201' title='bbox 1037 3792 1174 3852; x_wconf 89' lang='lat' dir='ltr'><strong>quoque,</strong></span> <span class='ocrx_word' id='word_1_202' title='bbox 1196 3792 1237 3839; x_wconf 93' lang='lat' dir='ltr'><strong>ne</strong></span> <span class='ocrx_word' id='word_1_203' title='bbox 1256 3777 1328 3851; x_wconf 90' lang='lat' dir='ltr'><strong>ipsa</strong></span> <span class='ocrx_word' id='word_1_204' title='bbox 1347 3791 1383 3836; x_wconf 93' lang='lat' dir='ltr'><strong>re</strong></span> 
     </span>
     <span class='ocr_line' id='line_1_26' title="bbox 148 3890 1383 3968; baseline -0.002 -16"><span class='ocrx_word' id='word_1_205' title='bbox 148 3893 301 3954; x_wconf 88' lang='lat' dir='ltr'><strong>homines</strong></span> <span class='ocrx_word' id='word_1_206' title='bbox 319 3893 465 3968; x_wconf 90' lang='lat' dir='ltr'><strong>potiores</strong></span> <span class='ocrx_word' id='word_1_207' title='bbox 484 3893 602 3953; x_wconf 91' lang='lat' dir='ltr'><strong>ducere</strong></span> <span class='ocrx_word' id='word_1_208' title='bbox 623 3893 717 3953; x_wconf 89' lang='lat' dir='ltr'><strong>visus</strong></span> <span class='ocrx_word' id='word_1_209' title='bbox 735 3893 935 3966; x_wconf 83' lang='lat' dir='ltr'><strong>Euthydemi</strong></span> <span class='ocrx_word' id='word_1_210' title='bbox 954 3892 1117 3953; x_wconf 87' lang='lat' dir='ltr'><strong>Platonici</strong></span> <span class='ocrx_word' id='word_1_211' title='bbox 1132 3891 1242 3952; x_wconf 88' lang='lat' dir='ltr'><strong>verbis</strong></span> <span class='ocrx_word' id='word_1_212' title='bbox 1254 3890 1383 3950; x_wconf 85' lang='lat' dir='ltr'><strong>ultimis</strong></span> 
     </span>
     <span class='ocr_line' id='line_1_27' title="bbox 149 4003 1383 4082; baseline -0.003 -15"><span class='ocrx_word' id='word_1_213' title='bbox 149 4022 267 4082; x_wconf 88' lang='lat' dir='ltr'><strong>parurn</strong></span> <span class='ocrx_word' id='word_1_214' title='bbox 297 4023 371 4068; x_wconf 89' lang='lat' dir='ltr'><strong>esse</strong></span> <span class='ocrx_word' id='word_1_215' title='bbox 402 4007 580 4068; x_wconf 89' lang='lat' dir='ltr'><strong>obsecutus</strong></span> <span class='ocrx_word' id='word_1_216' title='bbox 611 4007 749 4067; x_wconf 88' lang='lat' dir='ltr'><strong>viderer.</strong></span> <span class='ocrx_word' id='word_1_217' title='bbox 777 4006 971 4079; x_wconf 87' lang='lat' dir='ltr'><strong>Ubicunque</strong></span> <span class='ocrx_word' id='word_1_218' title='bbox 995 4021 1073 4066; x_wconf 90' lang='lat' dir='ltr'><strong>vero</strong></span> <span class='ocrx_word' id='word_1_219' title='bbox 1096 4005 1173 4066; x_wconf 95' lang='lat' dir='ltr'><strong>boni</strong></span> <span class='ocrx_word' id='word_1_220' title='bbox 1197 4005 1319 4078; x_wconf 86' lang='lat' dir='ltr'><strong>aliquid</strong></span> <span class='ocrx_word' id='word_1_221' title='bbox 1343 4003 1383 4064; x_wconf 92' lang='lat' dir='ltr'><strong>ab</strong></span> 
     </span>
     <span class='ocr_line' id='line_1_28' title="bbox 150 4116 1385 4190; baseline -0.005 -9"><span class='ocrx_word' id='word_1_222' title='bbox 150 4121 226 4181; x_wconf 91' lang='lat' dir='ltr'><strong>aliis</strong></span> <span class='ocrx_word' id='word_1_223' title='bbox 255 4123 429 4181; x_wconf 84' lang='lat' dir='ltr'><strong>mutuatus</strong></span> <span class='ocrx_word' id='word_1_224' title='bbox 460 4136 573 4180; x_wconf 90' lang='lat' dir='ltr'><strong>meum</strong></span> <span class='ocrx_word' id='word_1_225' title='bbox 603 4120 637 4180; x_wconf 92' lang='lat' dir='ltr'><strong>in</strong></span> <span class='ocrx_word' id='word_1_226' title='bbox 664 4135 762 4180; x_wconf 91' lang='lat' dir='ltr'><strong>usum</strong></span> <span class='ocrx_word' id='word_1_227' title='bbox 787 4119 937 4181; x_wconf 90' lang='lat' dir='ltr'><strong>converti</strong></span> <span class='ocrx_word' id='word_1_228' title='bbox 961 4120 1130 4179; x_wconf 90' lang='lat' dir='ltr'><strong>auctorem</strong></span> <span class='ocrx_word' id='word_1_229' title='bbox 1154 4118 1305 4190; x_wconf 89' lang='lat' dir='ltr'><strong>laudavi;</strong></span> <span class='ocrx_word' id='word_1_230' title='bbox 1329 4116 1385 4176; x_wconf 92' lang='lat' dir='ltr'><strong>ubi</strong></span> 
     </span>
     <span class='ocr_line' id='line_1_29' title="bbox 149 4230 1385 4311; baseline -0.004 -17"><span class='ocrx_word' id='word_1_231' title='bbox 149 4235 250 4311; x_wconf 85' lang='lat' dir='ltr'><strong>forte,</strong></span> <span class='ocrx_word' id='word_1_232' title='bbox 273 4235 328 4308; x_wconf 93' lang='lat' dir='ltr'><strong>qui</strong></span> <span class='ocrx_word' id='word_1_233' title='bbox 351 4238 429 4295; x_wconf 89' lang='lat' dir='ltr'><strong>ante</strong></span> <span class='ocrx_word' id='word_1_234' title='bbox 452 4249 507 4295; x_wconf 91' lang='lat' dir='ltr'><strong>me</strong></span> <span class='ocrx_word' id='word_1_235' title='bbox 530 4249 606 4294; x_wconf 92' lang='lat' dir='ltr'><strong>mea</strong></span> <span class='ocrx_word' id='word_1_236' title='bbox 628 4235 798 4310; x_wconf 85' lang='lat' dir='ltr'><strong>dixerunt,</strong></span> <span class='ocrx_word' id='word_1_237' title='bbox 823 4249 890 4293; x_wconf 91' lang='lat' dir='ltr'><strong>non</strong></span> <span class='ocrx_word' id='word_1_238' title='bbox 914 4233 1063 4309; x_wconf 91' lang='lat' dir='ltr'><strong>laudavi,</strong></span> <span class='ocrx_word' id='word_1_239' title='bbox 1088 4233 1221 4292; x_wconf 90' lang='lat' dir='ltr'><strong>nescius</strong></span> <span class='ocrx_word' id='word_1_240' title='bbox 1240 4230 1385 4306; x_wconf 89' lang='lat' dir='ltr'><strong>peccavi.</strong></span> 
     </span>
     <span class='ocr_line' id='line_1_30' title="bbox 89 4336 1386 4423; baseline -0.005 -13"><span class='ocrx_word' id='word_1_241' title='bbox 89 4336 92 4338; x_wconf 49' lang='grc'>’</span> <span class='ocrx_word' id='word_1_242' title='bbox 193 4350 364 4410; x_wconf 85' lang='lat' dir='ltr'><strong>Materiam</strong></span> <span class='ocrx_word' id='word_1_243' title='bbox 389 4348 532 4423; x_wconf 90' lang='lat' dir='ltr'><strong>undique</strong></span> <span class='ocrx_word' id='word_1_244' title='bbox 555 4363 724 4409; x_wconf 90' lang='lat' dir='ltr'><strong>corrasam</strong></span> <span class='ocrx_word' id='word_1_245' title='bbox 748 4347 946 4423; x_wconf 89' lang='lat' dir='ltr'><strong>dispositam</strong></span> <span class='ocrx_word' id='word_1_246' title='bbox 971 4347 1103 4420; x_wconf 88' lang='lat' dir='ltr'><strong>quidem</strong></span> <span class='ocrx_word' id='word_1_247' title='bbox 1128 4346 1271 4408; x_wconf 91' lang='lat' dir='ltr'><strong>sednon</strong></span> <span class='ocrx_word' id='word_1_248' title='bbox 1294 4359 1386 4405; x_wconf 89' lang='lat' dir='ltr'><strong>orna-</strong></span> 
     </span>
     <span class='ocr_line' id='line_1_31' title="bbox 150 4458 1386 4539; baseline -0.006 -15"><span class='ocrx_word' id='word_1_249' title='bbox 150 4466 235 4539; x_wconf 87' lang='lat' dir='ltr'><strong>tam,</strong></span> <span class='ocrx_word' id='word_1_250' title='bbox 271 4477 313 4523; x_wconf 88' lang='grc'><strong>11</strong></span> <span class='ocrx_word' id='word_1_251' title='bbox 347 4463 496 4524; x_wconf 81' lang='lat' dir='ltr'><strong>fucatam</strong></span> <span class='ocrx_word' id='word_1_252' title='bbox 531 4463 653 4539; x_wconf 90' lang='lat' dir='ltr'><strong>dicam,</strong></span> <span class='ocrx_word' id='word_1_253' title='bbox 689 4462 853 4523; x_wconf 91' lang='lat' dir='ltr'><strong>iudicibus</strong></span> <span class='ocrx_word' id='word_1_254' title='bbox 887 4477 958 4522; x_wconf 91' lang='lat' dir='ltr'><strong>rem</strong></span> <span class='ocrx_word' id='word_1_255' title='bbox 994 4462 1103 4536; x_wconf 87' lang='lat' dir='ltr'><strong>ipsam</strong></span> <span class='ocrx_word' id='word_1_256' title='bbox 1138 4458 1386 4521; x_wconf 90' lang='lat' dir='ltr'><strong>attendentibus</strong></span> 
     </span>
     <span class='ocr_line' id='line_1_32' title="bbox 149 4572 1387 4654; baseline -0.006 -16"><span class='ocrx_word' id='word_1_257' title='bbox 149 4592 332 4654; x_wconf 83' lang='lat' dir='ltr'><strong>proponere</strong></span> <span class='ocrx_word' id='word_1_258' title='bbox 375 4576 483 4650; x_wconf 90' lang='lat' dir='ltr'><strong>volui;</strong></span> <span class='ocrx_word' id='word_1_259' title='bbox 526 4577 641 4652; x_wconf 89' lang='lat' dir='ltr'><strong>ignota</strong></span> <span class='ocrx_word' id='word_1_260' title='bbox 675 4576 845 4637; x_wconf 88' lang='lat' dir='ltr'><strong>incertave</strong></span> <span class='ocrx_word' id='word_1_261' title='bbox 881 4575 995 4636; x_wconf 90' lang='lat' dir='ltr'><strong>omnia</strong></span> <span class='ocrx_word' id='word_1_262' title='bbox 1028 4573 1176 4634; x_wconf 88' lang='lat' dir='ltr'><strong>flosculis</strong></span> <span class='ocrx_word' id='word_1_263' title='bbox 1208 4572 1387 4648; x_wconf 87' lang='lat' dir='ltr'><strong>figurisque</strong></span> 
     </span>
     <span class='ocr_line' id='line_1_33' title="bbox 148 4686 1387 4765; baseline -0.004 -15"><span class='ocrx_word' id='word_1_264' title='bbox 148 4689 325 4751; x_wconf 91' lang='lat' dir='ltr'><strong>rhetoricis</strong></span> <span class='ocrx_word' id='word_1_265' title='bbox 348 4691 501 4765; x_wconf 90' lang='lat' dir='ltr'><strong>obtegere</strong></span> <span class='ocrx_word' id='word_1_266' title='bbox 524 4690 626 4750; x_wconf 83' lang='lat' dir='ltr'><strong>nolui.</strong></span> <span class='ocrx_word' id='word_1_267' title='bbox 650 4689 789 4763; x_wconf 83' lang='lat' dir='ltr'><strong>Saepius</strong></span> <span class='ocrx_word' id='word_1_268' title='bbox 811 4690 969 4749; x_wconf 87' lang='lat' dir='ltr'><strong>tramites</strong></span> <span class='ocrx_word' id='word_1_269' title='bbox 992 4688 1076 4748; x_wconf 88' lang='lat' dir='ltr'><strong>inire</strong></span> <span class='ocrx_word' id='word_1_270' title='bbox 1101 4686 1275 4763; x_wconf 89' lang='lat' dir='ltr'><strong>debebam,</strong></span> <span class='ocrx_word' id='word_1_271' title='bbox 1297 4686 1387 4745; x_wconf 92' lang='lat' dir='ltr'><strong>utin</strong></span> 
     </span>
     <span class='ocr_line' id='line_1_34' title="bbox 153 4799 1387 4885; baseline -0.005 -23"><span class='ocrx_word' id='word_1_272' title='bbox 153 4804 245 4872; x_wconf 85' lang='lat' dir='ltr'><strong>viam</strong></span> <span class='ocrx_word' id='word_1_273' title='bbox 269 4803 378 4885; x_wconf 89' lang='lat' dir='ltr'><strong>ipsam</strong></span> <span class='ocrx_word' id='word_1_274' title='bbox 398 4805 601 4877; x_wconf 87' lang='lat' dir='ltr'><strong>reverterer;</strong></span> <span class='ocrx_word' id='word_1_275' title='bbox 621 4803 686 4862; x_wconf 92' lang='lat' dir='ltr'><strong>iter</strong></span> <span class='ocrx_word' id='word_1_276' title='bbox 705 4805 818 4862; x_wconf 88' lang='lat' dir='ltr'><strong>autem</strong></span> <span class='ocrx_word' id='word_1_277' title='bbox 837 4818 896 4877; x_wconf 90' lang='lat' dir='ltr'><strong>per</strong></span> <span class='ocrx_word' id='word_1_278' title='bbox 914 4801 987 4862; x_wconf 91' lang='lat' dir='ltr'><strong>loca</strong></span> <span class='ocrx_word' id='word_1_279' title='bbox 1006 4800 1171 4876; x_wconf 87' lang='lat' dir='ltr'><strong>saltuosa,</strong></span> <span class='ocrx_word' id='word_1_280' title='bbox 1193 4799 1387 4874; x_wconf 88' lang='lat' dir='ltr'><strong>caliginosa,</strong></span> 
     </span>
    </p>
   </div>
   <div class='ocr_carea' id='block_1_4' title="bbox 0 0 1775 5692">
    <p class='ocr_par' dir='ltr' id='par_1_5' title="bbox 0 0 1775 5692">
     <span class='ocr_line' id='line_1_35' title="bbox 0 0 1775 5692; baseline 0 0"><span class='ocrx_word' id='word_1_281' title='bbox 0 0 1775 5692; x_wconf 95' lang='lat' dir='ltr'><strong> </strong></span> 
     </span>
    </p>
   </div>
  </div>
 </body>
</html>
