3525 5692
699 713 742 756 ns
764 712 874 757 amor.
1337 691 1398 751 121

174 886 247 947 lion
280 885 386 947 semol
419 885 473 945 vel
502 885 554 945 bis
584 884 637 946 vel
667 887 718 945 ter
739 884 856 946 Graeci
878 901 898 946 e
920 884 1030 959 patria
1052 884 1272 960 emigrarunt,
1297 894 1402 954 neque

175 1015 233 1075 per
257 998 481 1078 unumtmodo
512 997 682 1059 saeculum
709 999 791 1059 talia
813 1002 892 1060 eunt
915 998 1037 1059 conati.
1061 999 1168 1058 Immo
1190 995 1323 1070 saepius
1346 1009 1403 1069 per

174 1114 240 1174 duo
263 1113 317 1174 vel
339 1112 404 1174 tria
425 1112 560 1173 saecula
582 1114 712 1173 veteres
735 1111 891 1173 Graeciae
913 1111 1039 1173 incolae
1060 1127 1080 1172 a
1098 1112 1194 1172 novis
1213 1108 1403 1169 bominibus

175 1242 194 1286 e
217 1226 352 1287 sedibus
373 1227 445 1286 suis
468 1217 594 1287 detrusi
617 1228 712 1287 trans
734 1240 826 1287 mars
848 1241 970 1287 novam
995 1225 1231 1300 quaesiverunt
1249 1222 1404 1299 patriam,

143 1423 148 1430 ῃ
175 1340 280 1400 donec
309 1339 480 1400 duodecim
512 1339 667 1413 antiquae
689 1339 766 1400 illae
789 1339 888 1400 urbes
911 1339 1065 1400 aeolicae
1088 1335 1299 1399 volventibus
1322 1338 1402 1395 tem·

174 1453 309 1527 poribus
342 1452 576 1535 condidissent.
610 1452 760 1526 ,Eduard
790 1453 900 1528 lleyer
930 1453 1012 1513 wiee
1042 1451 1126 1512 nach
1149 1451 1228 1512 dees
1252 1449 1303 1510 die
1327 1448 1402 1508 aoli-

173 1567 276 1626 sciren
304 1565 467 1626 Kolonien
497 1566 530 1624 in
561 1565 619 1626 der
641 1565 745 1626 Troas
767 1565 861 1626 nicht
886 1564 974 1626 wohl
999 1564 1083 1626 alter
1106 1564 1177 1625 sein
1200 1562 1329 1623 lrdnnen
1353 1561 1403 1621 als

173 1680 235 1739 das
257 1678 318 1738 VII
340 1679 417 1739 oder
441 1678 519 1738 v111
541 1678 784 1753 Jabrhundert;
815 1679 959 1754 gehdren
981 1679 1031 1740 sie
1053 1679 1137 1739 doeh
1160 1678 1254 1739 nicht
1277 1692 1317 1736 zu
1341 1677 1403 1735 den
1445 1706 1449 1714 ·

171 1793 263 1854 alten
293 1793 463 1854 dolischen
493 1793 765 1869 Zvvdlistadten”,
796 1796 845 1854 ita
878 1794 994 1854 Ericue
1023 1793 1128 1855 Bethe
1165 1793 1300 1864 (Homer
1336 1790 1402 1850 und

171 1907 225 1967 dis
266 1906 476 1980 Heldensage
510 1922 540 1981 p.
573 1909 616 1976 d).
659 1906 734 1966 Sint
773 1907 876 1981 igitur
913 1909 1065 1969 conditae
1100 1907 1231 1968 saeculo
1268 1907 1402 1979 octavo,

172 2022 209 2081 at
228 2024 305 2095 poet
324 2021 436 2080 varias
454 2020 696 2096 expeditiones,
710 2035 794 2094 quae
814 2021 916 2080 variie
934 2022 1141 2098 temporibus
1157 2020 1292 2080 habitae
1314 2020 1402 2078 ante·

173 2137 296 2210 ierant,
320 2149 460 2208 quarum
484 2149 552 2194 una
574 2133 628 2195 vel
651 2134 759 2196 altera
780 2134 924 2194 fortasse
943 2135 1084 2196 navibus
1103 2135 1137 2195 in
1159 2134 1276 2195 Asiam
1296 2135 1401 2193 trane·

174 2248 280 2322 misit,
330 2262 405 2308 cum
445 2249 574 2308 ceterae
616 2247 789 2307 usitatiore
832 2248 887 2307 via
926 2262 984 2323 per
1025 2247 1200 2308 Thraciam
1240 2247 1399 2307 orientem

172 2360 363 2434 petiverint.
398 2359 510 2434 Neque
544 2359 762 2421 dubitandum
796 2362 848 2420 est
877 2361 917 2421 de
951 2360 1070 2421 itinere
1108 2361 1194 2434 quod
1223 2359 1401 2434 elegerint;

170 2473 320 2533 servavit
350 2473 440 2533 enim
471 2472 588 2533 Strabo
617 2474 690 2533 viae
713 2474 886 2534 notitiam:
917 2473 1118 2534 transmisso
1137 2474 1298 2548 Bosporo,
1323 2471 1401 2532 Dae-

171 2586 298 2660 cylium
320 2589 354 2647 et
377 2585 534 2661 cyzicum
557 2587 812 2664 praeterierunt,
837 2588 1015 2650 Granicum
1038 2589 1162 2648 flumen
1180 2585 1400 2659 transierunt,

170 2700 221 2760 sic
255 2703 418 2761 venerunt
452 2700 485 2760 in
520 2700 682 2761 Troadem
716 2702 791 2762 inde
825 2701 970 2763 Lesbum
1005 2705 1103 2776 atque
1138 2702 1171 2762 in
1202 2716 1293 2762 oram
1324 2698 1402 2759 huic

169 2813 299 2876 insulae
321 2814 519 2890 oppositam.
543 2814 685 2876 Graecos
706 2815 810 2890 igitur
829 2814 977 2891 colonos,
1000 2819 1083 2892 puta
1108 2816 1301 2890 Locrenses,
1331 2813 1399 2872 iam

170 2930 250 2989 ante
279 2929 460 3002 septimum
491 2928 543 2989 vel
573 2931 731 2990 octavum
757 2930 929 2991 saeculum
953 2931 986 2991 in
1010 2931 1172 2992 Troadem
1195 2929 1400 3005 pervenisse,

169 3042 285 3103 Troiae
304 3044 338 3104 in
358 3043 441 3103 colle
461 3043 666 3120 consedisse,
687 3044 832 3119 vestigia
850 3061 913 3106 sua
931 3045 975 3106 ibi
995 3046 1182 3120 reliquisse,
1197 3044 1273 3119 quid
1286 3042 1401 3103 vetat?

171 3156 291 3216 Narrat
321 3157 437 3218 Strabo
469 3157 698 3233 expeditiones
727 3159 843 3219 statim
875 3161 951 3234 post
975 3159 1096 3220 bellum
1126 3158 1293 3218 troianum
1316 3156 1400 3216 ince-

172 3269 272 3344 pisse.
305 3268 423 3345 Quidni
454 3270 530 3330 inds
561 3269 644 3330 effici
674 3270 786 3347 liceat,
817 3271 1014 3346 populorum
1045 3286 1238 3345 graecorum
1262 3270 1400 3345 emigra·

171 3383 280 3445 bones
309 3385 343 3444 in
373 3384 489 3444 Asiam
519 3385 586 3444 iam
618 3388 698 3445 tunc
727 3386 889 3460 temporis
918 3379 1096 3462 incepisse,
1120 3401 1196 3447 cum
1221 3381 1348 3444 Βοιωτοὶ
1372 3381 1401 3455 ἐξ

165 3493 276 3574 ’Ἄρνης
298 3494 478 3569 ἀναστάντες
502 3495 563 3557 ὑπὸ
590 3498 749 3558 Θεσσαλῶν
773 3496 828 3574 τὴν
851 3506 911 3557 νῦν
936 3498 1083 3559 Βοιωτίαν
1106 3497 1253 3579 ᾤκησανῖ

215 3611 430 3672 Locrensium
458 3611 562 3672 ritum
593 3613 632 3673 de
664 3613 848 3687 virginibus
878 3611 1011 3674 Troiam
1035 3612 1209 3674 mittendis
1232 3613 1300 3672 iam
1323 3614 1401 3672 ante

170 3738 296 3784 annum
332 3725 424 3785 'idom
454 3725 602 3799 viguisse
637 3727 752 3800 negari
782 3741 847 3786 non
877 3728 1005 3801 potest;
1038 3726 1124 3786 unde
1154 3726 1303 3799 sequitur
1333 3725 1400 3784 iam

168 3837 259 3912 prius
279 3837 420 3899 Graecos
439 3839 622 3900 Minervam
642 3839 787 3900 colentes
806 3841 840 3900 in
860 3840 976 3900 Troiae
996 3840 1079 3901 colle
1096 3840 1296 3901 consedisse.
1311 3839 1400 3915 Quod

168 3950 294 4011 iactum
336 3967 356 4010 a
389 3950 576 4027 Dorpieldio
611 3953 794 4013 verisimile
828 3952 979 4013 habitum
1014 3953 1155 4013 minime
1189 3952 1401 4028 perturbatur

167 4063 305 4124 historia
327 4064 528 4126 Graecorum
552 4064 745 4126 colonorum
769 4066 802 4126 in
826 4067 944 4127 Asiam
968 4067 1217 4141 emigrantium.

213 4177 327 4238 Ritum
361 4179 463 4253 igitur
497 4179 537 4239 de
571 4195 635 4253 quo
666 4180 797 4254 agimus
828 4214 867 4224 -
899 4182 977 4254 quid
1009 4182 1097 4242 enim
1129 4181 1217 4241 inter
1240 4183 1291 4241 tot
1313 4179 1402 4241 seria

166 4294 353 4370 μυθολογεῖν
391 4295 507 4353 vetat?
533 4327 571 4336 -
596 4294 645 4355 sic
667 4294 762 4355 nobie
780 4296 1010 4370 proponimus:
1035 4295 1203 4358 colebatur
1226 4294 1401 4369 aliquando

165 4405 254 4464 inter
296 4406 444 4467 Locridis
485 4406 611 4469 incolae
646 4408 773 4483 priscoe
807 4409 869 4469 dea
903 4410 1054 4470 omnium
1088 4426 1200 4471 rerum
1236 4409 1401 4470 fertilitati

167 4521 384 4596 prospiciens,
429 4522 481 4581 cui
523 4523 595 4596 agri
618 4523 776 4584 mulieres
815 4539 916 4599 pecus
951 4524 984 4583 in
1021 4524 1127 4585 tutela
1161 4527 1266 4585 erant.
1301 4525 1402 4584 quta

166 4648 242 4693 eam
274 4634 429 4694 exstabat
459 4635 600 4696 daemon
629 4636 807 4696 masculini
839 4639 972 4711 generis
1005 4638 1077 4713 ipsa
1112 4654 1129 4699 e
1164 4646 1255 4699 terra
1288 4639 1400 4716 natue,

164 4747 308 4824 gigantis
338 4751 495 4810 naturam
525 4751 625 4826 atque
656 4750 801 4812 indolem
830 4751 992 4834 referens,
1020 4752 1115 4816 ferox
1139 4757 1172 4815 et
1196 4755 1315 4820 audax.
1339 4752 1428 4836 Hic
