3525 5692
350 699 413 758 170
877 717 919 760 nn
943 715 1092 762 charnis.

347 886 556 946 δειποοῡοιι”.
579 888 663 947 Sunt
685 893 852 964 σκηναῖς
875 889 1085 963 subsimiles;
1109 894 1295 964 congruunt
1318 892 1419 966 igitur
1441 907 1590 967 prorsus

348 1017 424 1062 cum
454 1002 607 1063 ossiculis
636 1004 676 1063 de
706 1003 824 1077 quibus
856 1005 942 1079 apud
971 1004 1112 1065 Iesaiam
1143 1004 1182 1066 iit
1210 1022 1330 1067 sermo.
1361 1008 1441 1067 Plus
1463 1010 1585 1067 autem

348 1118 443 1178 docet
472 1116 654 1177 Pausanias
676 1117 739 1190 III,
767 1119 822 1193 12,
847 1119 885 1177 8:
912 1115 1016 1197 ,ἑτέρα
1040 1115 1072 1178 δὲ
1095 1117 1127 1178 ἐκ
1150 1128 1202 1196 τῆς
1222 1117 1334 1199 ἀγορᾶς
1357 1118 1435 1180 ἐστὶν
1459 1119 1590 1196 ἔξοδος,

347 1224 418 1289 καθ’
450 1227 489 1308 ἣν
512 1229 674 1308 πεποίηταί
695 1245 780 1305 σφισι
804 1226 823 1306 ἡ
847 1229 1018 1310 καλουμένη
1041 1232 1149 1310 Σκιάς,
1168 1231 1247 1293 ἔνθα
1266 1232 1315 1293 καὶ
1335 1243 1392 1294 νῦν
1412 1233 1453 1294 ἔτι
1473 1233 1589 1312 ἔκκλη-

348 1344 505 1416 τιάζοοοι”
528 1344 700 1420 (Spartae).
724 1345 861 1406 Videtur
884 1346 988 1407 luisse
1016 1346 1090 1419 ναὸς
1111 1347 1286 1426 θολοειδής,
1308 1349 1416 1422 qualis
1438 1350 1593 1410 Athenis

348 1458 411 1519 ruit
440 1457 534 1529 δόλος
563 1457 636 1535 illa,
661 1458 717 1518 ubi
739 1461 899 1533 prytaneo
923 1461 1102 1536 oenabsnt;
1126 1462 1233 1522 torma
1256 1460 1394 1523 aedilicii
1418 1463 1589 1537 antiquis-

346 1572 436 1632 sima
458 1571 595 1632 Homeri
617 1572 721 1632 etiam
745 1574 855 1633 aetate
878 1574 1005 1634 usitata
1022 1569 1055 1644 1).

394 1686 503 1760 Magni
526 1677 655 1760 quoque
678 1688 841 1747 momenti
861 1686 994 1762 glossae
1018 1691 1098 1748 sunt
1121 1688 1368 1763 Hesychianae:

393 1800 415 1859 i.
440 1815 471 1860 v.
495 1800 608 1870 Σκιάςζ
635 1795 674 1877 „d
698 1798 887 1878 άναδενδρὰς
906 1799 957 1859 καὶ
976 1800 1074 1879 σκηνὴ
1094 1798 1282 1881 όοροφοομένη
1302 1798 1404 1863 καὶτὸ
1423 1799 1590 1876 θολοειδὲς

264 1950 268 1954 -
349 1912 501 1974 σκιάδειον
523 1911 555 1972 ἐν
580 1906 603 1996 ᾧ
627 1909 643 1971 ό
667 1911 818 1985 Διόνυσος
841 1913 975 1991 κάθηται
999 1913 1105 1975 καὶτὸ
1129 1917 1351 1994 Προτονεῖον”.

393 2031 414 2090 i.
438 2045 469 2090 v.
493 2027 605 2099 θόλοςε
640 2027 739 2103 ,ὅπου
770 2027 803 2086 οἱ
831 2029 1000 2106 Πρυτάνεις
1032 2027 1082 2089 καὶ
1113 2025 1132 2107 ἡ
1163 2029 1260 2108 βουλὴ
1290 2039 1501 2090 συνειστιῶντο
1527 2029 1590 2090 καὶ

349 2141 440 2214 τόπος
464 2139 496 2202 ἐν
520 2136 544 2225 ᾧ
568 2140 603 2201 τὰ
627 2140 798 2218 συμποτικὰ
821 2143 914 2221 oredo
938 2140 1125 2202 άπάιιειται”.

394 2258 442 2323 di.
465 2258 624 2332 Harpocr.
655 2259 676 2318 i.
702 2273 750 2318 v.:
786 2256 897 2328 θόλοςε
936 2257 1121 2335 „appuimus
1151 2254 1184 2316 ἐν
1216 2257 1336 2340 τετάρτῃ
1366 2256 1434 2336 περὶ
1464 2261 1590 2334 Βωμῶν

352 2371 462 2451 γράφει
483 2371 577 2432 τουτί·
600 2368 616 2431 ὁ
640 2369 673 2432 δὲ
695 2372 786 2444 τόπος
811 2371 889 2432 ὅπου
913 2370 1067 2432 ἑστιῶνται
1086 2370 1118 2431 οἱ
1135 2373 1305 2448 Πρυτάνεις
1324 2376 1456 2432 καλεῖται
1474 2371 1590 2450 δόλος,

353 2479 403 2544 ὑπ’
429 2483 518 2545 ἐνίων
543 2482 575 2544 δὲ
598 2487 751 2557 Σκιάς”.

398 2599 544 2674 Denique
575 2600 717 2674 Hesych.
750 2601 771 2662 i.
796 2618 827 2662 v.
860 2599 1012 2660 σκιάδειο;
1046 2601 1262 2680 »σκηνοπηγία
1295 2598 1355 2659 ἔστι
1378 2596 1411 2658 δὲ
1434 2599 1523 2671 τόπος
1549 2599 1588 2660 ἐν

356 2707 378 2796 ᾧ
402 2713 437 2772 τὰ
461 2713 599 2789 μειράκια
623 2712 810 2786 ineditas&
835 2713 926 2789 Quod
948 2715 990 2774 ad
1013 2713 1138 2774 Carnes
1160 2714 1302 2774 tortasse
1325 2716 1418 2789 spect
1440 2717 1465 2775 t.

400 2827 615 2889 Observarint
644 2844 775 2890 mecum
807 2829 947 2889 lectores
969 2828 1065 2887 δόλοι
1089 2828 1141 2889 vei
1165 2827 1273 2886 σκιάδα
1296 2828 1380 2903 apud
1403 2828 1586 2902 lexicogra-

354 2942 437 3016 phos
464 2943 575 3002 vocari
597 2943 722 3017 locum,
748 2941 803 3002 ubi
826 2943 878 3003 vel
902 2942 1077 3016 epulantur
1096 2942 1248 3002 homines
1268 2941 1321 3002 vel
1339 2941 1489 3016 supellex
1508 2957 1588 3002 con·

356 3056 477 3116 vivalis
506 3060 708 3117 asservatur.
740 3056 864 3117 Tholus
894 3056 994 3130 igitur
1025 3055 1229 3116 atheniensis
1258 3057 1291 3115 et
1321 3055 1413 3116 Scias
1435 3055 1589 3116 laconica

354 3185 420 3230 non
444 3170 541 3230 modo
565 3172 672 3245 ipsam
699 3171 843 3244 formam
866 3173 1043 3230 servarunt
1067 3169 1300 3244 casicularum,
1324 3169 1379 3228 ubi
1405 3142 1587 3228 vindemia·

356 3288 447 3345 tores
481 3286 652 3360 capiebant
686 3298 816 3360 cenam,
849 3285 906 3344 sed
939 3283 1080 3343 eundem
1112 3297 1240 3355 quoque
1267 3283 1307 3342 ad
1330 3297 1440 3358 ιιοιιννι,
1465 3297 1589 3356 nempe

358 3401 398 3460 ad
429 3399 643 3475 epulandum,
675 3402 744 3459 tam
773 3399 890 3474 priscis
915 3412 1013 3471 quam
1037 3396 1205 3457 historicis
1228 3396 1434 3471 temporibus
1456 3396 1590 3457 adhibe·

358 3516 487 3576 bantur.
531 3516 620 3590 Quod
655 3515 756 3574 etiam
792 3513 915 3574 clarius
949 3511 986 3572 iit
1020 3513 1165 3586 glossam
1201 3511 1446 3584 Hesychianam
1483 3499 1590 3582 οιιιάςε

357 3626 376 3706 ἡ
405 3626 594 3706 ἀναδενδράς
617 3630 751 3703 propius
775 3627 1070 3688 considerantibus.
1096 3624 1177 3700 Quid
1198 3624 1285 3684 enim
1307 3627 1359 3684 est
1377 3621 1595 3702 ἀνοδιιδράςὶ)

359 3745 484 3818 Nempe
514 3743 583 3802 oilie
612 3742 782 3804 arbustivo.
816 3741 897 3817 Quid
931 3743 1042 3801 autem
1075 3739 1184 3813 magis
1207 3742 1466 3798 consentaneum
1489 3753 1591 3811 quam

359 3857 420 3917 sub
444 3857 525 3932 ipsis
550 3858 629 3916 vitis
652 3858 828 3916 maritatae
852 3856 939 3915 foliis
962 3853 1186 3929 densissimis,
1213 3868 1288 3913 cum
1309 3851 1476 3912 laboribus
1493 3852 1591 3911 inter-

361 3972 475 4031 missis
505 3971 629 4031 iamem
661 3971 782 4030 satiare
815 3969 952 4044 vellent,
985 3966 1064 4028 solis
1094 3967 1245 4027 ardorem
1276 3965 1434 4040 effugisse
1463 3965 1593 4040 priscos

360 4087 641 4147 vindemiatores?
671 4085 724 4145 Sic
754 4084 889 4158 abipso
913 4083 972 4142 deo
997 4082 1090 4142 cuius
1114 4081 1199 4140 dona
1222 4079 1422 4154 colligebant
1445 4093 1465 4138 a
1488 4078 1592 4138 nimio

359 4200 466 4263 calore
489 4199 757 4261 defendebantur.

406 4314 487 4390 Quid
517 4315 603 4388 quod
634 4313 716 4374 deus
746 4312 816 4387 ipse
847 4310 914 4370 tale
937 4310 1001 4368 sibi
1025 4308 1187 4382 refugium
1210 4307 1404 4381 quaerebat!
1430 4305 1530 4380 Nam,
1555 4306 1592 4364 ut

360 4430 546 4505 Hesychius
569 4429 719 4503 tradidit,
745 4430 829 4497 σκιάς
854 4425 1032 4486 vocabatur
1057 4423 1159 4483 etiam
1186 4419 1237 4496 „rb
1262 4419 1414 4478 σκιάδειον
1434 4415 1589 4487 θολοειδές

362 4542 394 4603 ἐν
418 4538 442 4627 ᾧ
466 4540 481 4602 ὁ
505 4543 655 4613 Διόνυσος
679 4540 845 4617 κάθηται”.

397 4787 417 4850 l)
434 4808 451 4850 χ
469 4791 612 4841 111.Σιιιος
629 4789 681 4834 iam
699 4789 809 4848 apparet
826 4788 852 4832 A
870 4787 902 4832 39
922 4785 954 4832 oi.
972 4785 1108 4831 Leeuwen.
1127 4782 1222 4828 linem.
1240 4779 1342 4826 XXXIV
1361 4793 1386 4836 p.
1405 4777 1431 4823 ΙΙ
1451 4779 1507 4823 181.
1582 4833 1585 4840 ¹
