3525 5692
372 723 414 782 42
893 735 936 778 ns
959 735 1070 780 Amen.

417 910 523 970 Acute
553 883 744 969 observavit
770 906 956 968 scholiasta
986 907 1028 967 ad
1055 905 1196 967 ultimos
1225 907 1309 967 duos
1330 921 1467 967 versus:
1493 896 1601 980 ,οὗτος

371 1021 451 1085 ἐστίν
474 1021 491 1084 t
513 1023 643 1085 παιάν’.
667 1023 706 1084 ld
729 1023 819 1084 enim
843 1021 962 1084 Graeci
979 1021 1142 1084 abeuntes
1159 1022 1360 1083 cecinerunt.
1382 1021 1447 1081 Sed
1465 1021 1596 1081 cuinam

371 1139 432 1200 deo
455 1134 624 1200 canituri
646 1135 767 1196 παιάνλ
791 1137 826 1196 Si
848 1137 925 1210 quie
947 1137 1056 1198 nescit
1076 1136 1236 1213 inspiciat
1258 1141 1289 1195 A
1310 1137 1377 1197 473
1400 1152 1469 1210 sq.:

545 1249 640 1311 καλὸν
662 1248 814 1322 ἀείδοντες
837 1249 974 1328 παιήονα
988 1285 1030 1296 -
1042 1247 1204 1327 μέλποντες
1225 1249 1433 1331 ἕειᾶέεργονλ

413 1364 559 1440 Apollini
579 1366 756 1426 nimirum.
780 1365 878 1426 Hunc
900 1366 1003 1441 igitur
1025 1365 1257 1427 concelebrant
1279 1365 1417 1442 Achaei,
1440 1365 1597 1441 quoniam

369 1481 501 1541 tantum
524 1496 590 1541 non
614 1483 792 1556 ceperunt.
807 1527 815 1541 .
831 1479 1018 1556 ,Apollinis
1040 1480 1173 1541 urbem!

701 1591 802 1655 ἔλιπεν
826 1591 860 1655 δέ
881 1596 920 1656 fr
941 1581 1060 1673 ’Φοῖβος
1084 1593 1243 1655 Ἀπόλλων.

585 2091 684 2158 VIII.
708 2091 760 2158 Ile
783 2090 905 2159 Alanis
927 2093 1074 2174 natura,
1097 2091 1214 2174 cultu,
1235 2091 1387 2176 origine.

414 2279 500 2340 Aiax
533 2281 567 2341 in
601 2280 704 2341 Iliade
734 2283 847 2356 partes
877 2282 949 2358 agit
979 2281 1120 2341 minime
1149 2282 1370 2358 spernendas;
1393 2283 1480 2343 inter
1501 2296 1599 2357 parea

372 2395 469 2456 facile
501 2397 654 2472 princeps
687 2398 751 2473 est,
784 2396 909 2458 Achilli
937 2399 1050 2458 autem
1082 2399 1135 2457 eat
1162 2411 1296 2473 suppar,
1327 2411 1429 2471 quare
1458 2395 1597 2456 Bethius

373 2508 443 2580 (Die
466 2509 703 2584 Trojaniechen
733 2511 996 2588 Ausgrahungen
1025 2513 1093 2573 und
1122 2513 1175 2573 die
1197 2511 1437 2582 Homerlrritilr)
1459 2512 1596 2572 Aiacem

373 2622 555 2698 appellavit
576 2623 692 2686 Troiae
715 2625 847 2687 hostem
865 2627 1077 2688 acerrimum.
1096 2626 1185 2687 Dum
1203 2624 1351 2687 Achilles
1369 2625 1599 2687 stomachatur

374 2739 500 2812 pugnat
531 2737 628 2799 Aiax.
663 2739 725 2800 Hic
758 2753 863 2800 naves
897 2740 1057 2818 defendit,
1087 2740 1251 2802 Patroclie
1281 2740 1422 2801 cadaver
1447 2738 1598 2800 'troianis

374 2850 485 2926 eripit,
521 2849 573 2911 his
608 2867 683 2912 cum
717 2853 860 2914 Hectore
891 2856 1063 2915 certamen
1091 2854 1155 2915 init
1184 2854 1364 2930 singulare.
1396 2854 1456 2931 Qui
1478 2853 1597 2914 homm

373 2966 596 3026 certaminum
615 2967 716 3028 fuerit
734 2968 859 3046 exitus,
879 2969 1020 3030 minime
1039 2970 1188 3030 incertus
1207 2969 1269 3030 eat.
1289 2970 1394 3029 1127]
1418 2967 1599 3043 aspicimus

371 3078 549 3141 Hectorem
573 3096 694 3158 magno
717 3082 837 3161 lapide,
861 3099 962 3158 quem
981 3085 1059 3147 iecit
1076 3085 1178 3166 Aiax,
1198 3083 1390 3160 resupinum
1409 3082 1503 3143 humi
1521 3094 1593 3141 con-

309 3239 317 3250 .
371 3194 517 3254 atratum
539 3210 600 3256 nec
622 3197 688 3257 nisi
710 3198 875 3273 Apollinis
899 3215 960 3276 ope
982 3201 1172 3261 servatum:

905 3307 922 3373 ‘o'
947 3307 974 3372 δ’
996 3311 1102 3386 ὕπτιος
1126 3310 1322 3391 ἐξετανύσθη,

550 3418 652 3483 ἀσπίδ’
676 3421 896 3505 ένιχριμφθείς·
919 3424 972 3486 τὸν
996 3421 1022 3486 δ’
1047 3421 1110 3505 αἶψ’
1137 3426 1282 3507 ὤρθωσεν
1304 3425 1462 3488 Ἀπόλλων.

311 3597 317 3613 ,
374 3530 483 3599 Ξ418
507 3537 610 3598 simili
632 3539 731 3601 modo
754 3541 930 3617 superatus
949 3541 1073 3604 Hector
1091 3543 1185 3603 humi
1204 3543 1381 3618 sternitur;
1401 3536 1599 3603 validissimi

375 3650 488 3710 autem
512 3650 643 3714 Troiani
667 3654 865 3717 Graecorum
889 3656 1045 3717 manibus
1068 3672 1146 3718 eum
1168 3658 1366 3734 surripiunt:

551 3757 592 3838 ὧς
615 3761 696 3827 έπεσ’
712 3764 860 3849 Ἕκτορος
885 3761 949 3830 ὦκα
971 3768 1067 3849 χαμαὶ
1090 3768 1180 3850 μένος
1204 3768 1236 3831 έν
1259 3770 1379 3856 κονίῃσι

552 3881 582 3940 οἳ
605 3881 759 3953 (Troiani)
782 3881 835 3942 τόν
857 3905 892 3963 γε
913 3881 1002 3963 προτὶ
1022 3883 1122 3946 λάσια
1142 3879 1250 3965 ’φέρον
1273 3881 1367 3964 βαρέσι
1387 3881 1578 3961 στενάχοντα.

419 3992 501 4054 Male
535 3996 575 4055 ab
606 3995 668 4056 hoc
698 3995 879 4059 certamine
909 3998 943 4059 in
967 4001 1063 4060 textu
1087 4001 1202 4061 nostro
1226 3998 1396 4060 divulsum
1422 3998 1476 4058 est
1499 3996 1601 4072 episo-

373 4106 463 4167 dium
494 4107 753 4183 pulcherrimum
785 4113 821 4171 N
850 4113 1038 4191 789-837,
1068 4113 1125 4174 ubi
1148 4115 1267 4175 extant
1289 4112 1402 4174 Aiacis
1426 4112 1460 4172 in
1483 4111 1599 4171 Hecto·

372 4235 443 4281 rem
467 4223 591 4300 minae,
616 4239 699 4297 quae
722 4226 838 4288 statim
861 4241 924 4288 nos
947 4228 986 4287 de
1010 4226 1129 4288 ultimo
1148 4227 1304 4288 Hectoris
1324 4230 1358 4289 et
1376 4225 1517 4289 Achillis
1536 4239 1598 4289 cer·

371 4335 496 4396 tamine
520 4338 716 4398 admonent:

462 4450 528 4510 813
552 4441 571 4529 ἦ
594 4449 658 4527 θην
680 4451 742 4511 πού
765 4474 811 4512 τοι
833 4452 934 4532 θυμὸς
958 4451 1114 4515 έέέλιιεται
1137 4455 1333 4530 ἐξαλαπάξειν

550 4572 634 4642 νῆας·
657 4562 739 4643 apag
759 4563 792 4626 δέ
814 4588 844 4627 τε
866 4571 960 4647 χεῖρες
982 4564 1140 4648 σἰμννέμειέ
1167 4569 1223 4630 εἰσὶ
1245 4568 1297 4631 καὶ
1318 4563 1400 4650 ἧμιν.

550 4670 570 4756 ἦ
593 4701 626 4740 κε
649 4679 727 4741 πολὺ
750 4681 867 4759 φθαίη,
890 4679 924 4742 lh
947 4679 1094 4762 ναιομένη
1117 4683 1203 4757 πόλις
1225 4683 1303 4764 ιἰμὴ,
1418 4743 1421 4746 ,

549 4790 648 4878 χερσὶν
671 4788 723 4876 ὑφ’
748 4789 909 4886 ημειέρησι
931 4795 1073 4862 έσλοῦσᾶ
1095 4819 1125 4863 τε
1147 4796 1325 4885 περθομένη
1349 4821 1388 4862 τε.
