3525 5692
401 732 463 791 138
865 746 907 790 on
930 744 1155 791 auazoursus.

397 933 531 992 peregre
557 918 613 993 qui
637 933 712 980 cum
736 916 892 994 ivissent,
917 916 995 978 alibi
1018 932 1147 992 quoque
1170 921 1379 983 Amazonum
1402 920 1561 997 sepulcra,
1587 919 1621 980 in

396 1031 546 1108 Boeotia,
572 1030 758 1108 Thessalia,
781 1045 882 1106 prope
905 1031 1049 1108 Megara,
1073 1032 1255 1111 Troezena,
1281 1033 1470 1096 chalcidem
1493 1049 1621 1108 conspe·

396 1145 543 1219 xissent3
569 1145 719 1206 viderant
737 1147 772 1206 hi
789 1147 876 1221 apud
895 1145 1082 1208 Taenarum
1101 1148 1265 1224 templum
1284 1148 1408 1210 Dianae
1419 1149 1621 1224 dedicatum,

396 1259 482 1334 quod
512 1259 565 1320 hic
593 1259 767 1336 Virginum
799 1260 964 1322 erroribus
994 1259 1070 1322 flnis
1095 1265 1186 1324 osset
1207 1263 1334 1337 factus3
1359 1261 1623 1324 sacrificaverant

397 1373 442 1433 ibi
465 1373 611 1434 tortasse
634 1373 669 1434 in
692 1374 761 1435 aris
783 1374 947 1449 Apollinis
970 1376 1159 1437 Amazonii.

441 1487 539 1548 Haud
569 1487 666 1550 dubie
697 1488 851 1549 homines
880 1489 1022 1566 antiqui,
1054 1490 1126 1566 ipso
1157 1506 1199 1552 ex
1221 1489 1292 1551 solo
1315 1491 1426 1553 Attico
1448 1491 1623 1567 progeniti,

396 1601 511 1677 glebae
545 1601 671 1676 patriae
706 1602 977 1664 coniunctissimi
1010 1617 1049 1664 ac
1083 1603 1276 1680 longinquis
1308 1604 1627 1680 peregrinationibus

397 1716 535 1777 minime
565 1717 708 1794 assueti,
740 1716 948 1778 mirabantur
982 1718 1115 1780 hostem
1142 1734 1185 1779 ex
1208 1719 1308 1782 Asiae
1330 1719 1554 1796 penetralibus
1573 1720 1626 1778 tot

396 1844 455 1904 per
475 1831 596 1907 terras,
621 1833 766 1907 montes,
790 1830 931 1892 flumina
953 1847 1057 1906 usque
1080 1833 1121 1894 ad
1145 1836 1271 1896 metam
1294 1833 1513 1909 Peloponnesi
1531 1847 1623 1907 pene·

395 1947 513 2005 trasse.
549 1944 654 2019 Magis
688 1945 790 2005 etiam
825 1944 1033 2008 mirabantur
1062 1949 1189 2008 matres
1218 1947 1378 2024 familiae,
1409 1946 1529 2021 quibus
1557 1947 1625 2008 vita

396 2058 483 2118 inter
516 2059 660 2134 parietes
693 2061 767 2120 erat
801 2059 964 2137 degenda,
1000 2075 1103 2134 equos
1137 2063 1251 2122 autem
1285 2063 1319 2122 et
1352 2076 1447 2122 arma
1480 2064 1515 2121 et
1542 2059 1627 2120 bella

398 2174 546 2234 virorum
576 2174 610 2234 in
634 2189 733 2234 usum
756 2189 776 2234 a
799 2174 870 2234 deis
893 2174 1142 2237 immortalibus
1164 2179 1277 2238 creata
1298 2191 1373 2238 esse
1396 2175 1625 2236 autumabant.

398 2287 564 2349 Theseum
588 2288 629 2348 ad
652 2288 934 2350 Thermodontem
954 2289 1145 2364 pervenisse
1163 2290 1272 2366 ibique
1290 2291 1468 2366 Antiopam
1489 2289 1626 2350 Amazo-

402 2418 483 2463 num
513 2401 663 2478 raginam
693 2401 888 2480 sustulisse,
919 2403 996 2478 quid
1023 2403 1147 2466 mirum
1170 2404 1338 2467 habebat?
1360 2403 1515 2466 Herculis
1539 2403 1625 2465 enim

401 2516 593 2592 exemplum
624 2517 772 2592 secutus,
805 2515 1001 2578 iniuriarum
1031 2517 1135 2580 simul
1162 2521 1277 2580 auctor
1300 2521 1334 2580 et
1355 2517 1454 2595 ultor,
1478 2533 1537 2593 per
1559 2517 1628 2578 vias

401 2635 434 2694 ct
467 2632 557 2692 invia
594 2633 666 2692 erat
699 2632 850 2705 vagatus.
886 2630 949 2691 Sed
978 2631 1121 2692 feminas
1151 2635 1300 2694 armatas
1329 2633 1486 2707 equisque
1516 2633 1627 2693 vectas

402 2747 504 2808 etiam
535 2745 666 2820 longius
696 2744 871 2819 aliquando
903 2760 977 2806 esse
1005 2760 1200 2820 progressas
1230 2761 1329 2822 quam
1356 2747 1421 2822 ipsi
1449 2746 1624 2807 Persarum

402 2860 472 2934 regi
494 2859 703 2936 contigisset,
727 2859 761 2920 id
783 2859 966 2920 humanam
989 2857 1088 2921 fldem
1111 2861 1302 2938 superabat,
1327 2863 1361 2922 et
1378 2859 1443 2920 nisi
1462 2859 1627 2920 Homerus

400 2973 499 3034 testis
522 2974 641 3034 inisset
663 2972 835 3035 Priamum
858 2973 1211 3050 Bellerophontsmqua
1234 2974 1304 3037 acio
1325 2988 1491 3051 pugnasse
1515 2975 1629 3036 contra

401 3091 602 3166 Amazonas,
632 3087 748 3149 Asiam
778 3087 881 3164 igitur
911 3103 968 3150 eas
996 3088 1180 3169 habitasse,
1210 3081 1355 3152 tortasse
1377 3104 1465 3151 unus
1488 3091 1523 3150 et
1545 3087 1630 3149 alter

400 3204 469 3264 iam
492 3206 571 3264 tunc
591 3204 753 3278 temporis
776 3203 816 3264 de
838 3203 1048 3265 Amazonum
1072 3203 1197 3279 origine
1220 3203 1374 3265 orientali
1392 3202 1578 3263 dubitasset
1595 3203 1631 3262 et

401 3319 435 3378 in
476 3317 613 3378 Graecia
652 3317 776 3397 potius,
820 3333 848 3380 e.
876 3334 907 3393 g.
942 3317 984 3379 ad
1018 3317 1172 3380 Boeotiae
1206 3317 1300 3380 illum
1324 3313 1629 3408 Thermodontem,

401 3445 516 3492 aarum
538 3431 652 3492 sedem
675 3431 908 3508 quaesivisset.

446 3544 617 3607 Venerunt
650 3545 721 3606 dies
752 3545 870 3619 quibus
900 3546 1090 3607 Herodotus
1120 3545 1278 3607 historias
1307 3561 1387 3607 suas
1417 3545 1519 3606 variis
1548 3543 1633 3605 locis

403 3673 514 3718 coram
544 3659 664 3734 populo
695 3660 857 3721 recitavit.
881 3659 930 3720 Ibi
953 3661 1034 3721 tunc
1056 3659 1222 3722 auditores
1245 3660 1371 3721 famam
1396 3661 1437 3721 de
1460 3660 1633 3720 Sauroma-

403 3775 513 3833 tarum
554 3772 749 3834 mulieribus
784 3774 1022 3851 equitantibus,
1058 3775 1270 3852 venantibus,
1306 3773 1528 3850 pugnantibus
1562 3774 1635 3832 tam

403 3885 559 3947 delectati
582 3903 681 3961 quam
704 3887 860 3948 admirati
883 3887 1089 3963 accipiebant
1112 3889 1224 3949 avide:
1245 3888 1396 3949 habitare
1412 3887 1474 3948 has
1492 3883 1638 3947 feminas

404 4000 438 4059 in
469 3999 592 4061 vicinia
621 4001 725 4061 maris
755 3999 881 4080 Caspii,
906 4017 967 4063 nec
990 4003 1136 4064 multum
1160 4002 1348 4079 discrepare
1371 4000 1411 4062 ab
1435 4001 1636 4075 Oeorpatum

404 4114 516 4189 gente,
552 4128 635 4187 quae
670 4129 689 4174 a
724 4109 942 4190 Themiscyra
977 4117 1017 4176 ad
1052 4116 1333 4178 Thermodontem
1369 4115 1517 4191 oriunda,
1549 4114 1638 4175 iorte

403 4227 517 4286 autem
539 4227 673 4288 fortuna
695 4228 728 4288 in
751 4227 915 4303 Europam
938 4231 1143 4307 transvecta,
1170 4230 1210 4290 ad
1233 4229 1359 4291 Tanain
1383 4229 1505 4290 ilumen
1529 4242 1636 4288 novas

404 4340 513 4400 sedes.
531 4344 742 4416 occupasset;
775 4339 930 4422 Οἰόρπατα
962 4346 1075 4404 autem
1104 4341 1291 4419 significare
1314 4340 1546 4423 ἀνδροκτόνους.
1570 4337 1634 4419 En,

405 4454 589 4528 cogitarunt
631 4457 719 4517 haud
758 4457 854 4518 dubie
888 4457 1017 4534 Graeci,
1054 4458 1174 4532 quibus
1208 4473 1325 4519 omnes
1360 4457 1513 4532 regiones
1546 4455 1635 4516 ultra

404 4566 530 4628 Tanain
560 4585 618 4644 pro
649 4570 730 4632 Asia
761 4573 870 4649 erant,
902 4585 957 4649 en,
982 4571 1121 4633 Homeri
1143 4571 1225 4634 fides
1247 4587 1323 4633 sera
1344 4573 1453 4633 aetate
1476 4570 1631 4645 probata:

404 4683 483 4742 sunt
505 4682 607 4757 igitur
626 4687 660 4745 et
677 4684 811 4746 fuerunt
829 4700 919 4746 uerus
938 4688 1139 4764 Amazones,
1159 4686 1304 4747 feminae
1322 4685 1480 4746 barbarae
1499 4684 1634 4759 quidem

405 4796 464 4858 sed
484 4797 646 4860 mortales
668 4802 706 4860 ut
728 4814 845 4861 sumus
867 4799 942 4878 ipsi.
966 4801 1042 4862 Mox
1065 4801 1235 4880 Tomyris,
1260 4800 1337 4879 Gyri
1360 4799 1498 4865 maioris
1521 4797 1634 4865 adver·
