3525 5692
691 716 732 760 nn
755 715 866 763 arsen.
1347 701 1386 760 91

166 888 257 965 Quod
281 902 359 949 vero
389 887 476 963 apud
499 885 739 947 Philostratum
762 885 868 948 semel
890 887 1017 948 iactum
1041 901 1116 947 esse
1139 885 1271 946 videtur
1294 888 1394 959 atque

163 1002 197 1062 id
217 1002 252 1062 in
271 1001 367 1061 litore
385 1000 539 1075 Troiano,
559 999 621 1059 lroc
640 999 724 1074 apud
744 999 901 1061 Taetzam
922 1001 1058 1075 apparat
1076 999 1180 1059 fuisse
1192 997 1390 1059 sacrificium

163 1114 314 1176 solemne
343 1129 409 1174 non
438 1113 611 1188 peregrina
633 1112 668 1172 in
691 1112 840 1188 regione,
863 1114 922 1174 sad
945 1114 1018 1188 ipsa
1041 1114 1075 1172 in
1099 1112 1206 1187 patria
1229 1111 1389 1173 habitum.

164 1227 302 1289 Accedit
330 1226 416 1300 quod
447 1224 670 1286 Philostratus
699 1225 844 1300 loquitur
874 1227 914 1287 de
938 1223 1202 1305 inspiceretis.
1227 1224 1267 1285 de
1290 1225 1392 1285 saeri-

163 1341 248 1403 ficiis
269 1341 389 1402 oblatis
411 1323 480 1400 illis
501 1338 665 1420 heroibus,
689 1354 829 1413 quorum
849 1339 1111 1401 benevolentiam
1132 1338 1195 1398 sibi
1208 1338 1391 1399 adsciscere

164 1453 320 1515 volebant
342 1453 496 1515 homines
518 1454 707 1528 precantes‚'
730 1454 768 1512 ut
789 1452 902 1514 fausta
921 1453 1034 1514 omnia
1051 1452 1178 1528 patriae
1196 1451 1393 1526 praeberent

163 1568 253 1629 mala
276 1569 388 1629 autem
411 1570 445 1628 et
467 1565 677 1628 calamitates
701 1566 901 1626 averterent.

209 1681 340 1758 „Nabar
370 1681 446 1741 dam
472 1679 623 1740 Wunsch
647 1679 699 1738 die
722 1677 909 1739 Wohltater
932 1679 991 1739 des
1015 1678 1142 1739 Laudes
1166 1694 1206 1739 zu
1229 1680 1390 1741 verehren

158 1794 226 1855 und
246 1793 318 1854 sich
341 1793 433 1854 ilrres
456 1793 582 1868 Sogane
605 1791 657 1853 tur
681 1791 745 1853 alle
769 1792 841 1852 Zeit
863 1807 905 1852 zu
929 1791 1122 1853 versichern
1144 1792 1189 1852 ist
1212 1792 1264 1852 die
1284 1793 1393 1867 Angst

159 1924 220 1969 vor
253 1906 502 1968 verderbliohen
533 1905 740 1980 wirtungen
771 1904 828 1965 der
863 1905 993 1966 Geister
1025 1904 1130 1982 darer,
1163 1906 1215 1966 die
1243 1906 1393 1967 Unuaoirt

159 2021 295 2082 erlitten
317 2020 440 2095 haben,
466 2034 525 2081 ror
548 2017 647 2079 altem
674 2018 873 2093 unschuldig
897 2018 1123 2096 (iemordater‚
1149 2020 1199 2080 die
1221 2018 1392 2080 Veranlas·

159 2149 246 2209 sung
275 2148 315 2193 zu
346 2132 626 2206 Heroisierungen
657 2146 827 2207 gewesen;
860 2143 938 2193 m'an
966 2131 1068 2194 hoffte
1091 2148 1130 2194 so
1151 2134 1245 2194 ihren
1268 2133 1391 2195 Rache-

158 2249 254 2308 durst
277 2263 321 2307 zu
342 2247 552 2314 versohnen”
576 2227 724 2321 (Stengel
746 2245 982 2308 Kultusaltert.
1007 2261 1038 2322 p.
1066 2247 1150 2317 125).

197 2357 380 2440 Ἔναμίζειν,
414 2355 598 2440 ἐναγίσματα
633 2360 673 2420 de
708 2358 865 2419 heroibus
899 2361 1090 2436 usurpatur,
1126 2359 1216 2420 θύειν
1251 2360 1289 2420 de
1320 2361 1391 2421 deis

159 2475 282 2536 dicitur
305 2474 437 2545 (Herod.
457 2475 495 2551 V,
520 2475 585 2543 47).
609 2472 715 2534 Atiert
737 2473 871 2546 quidem
895 2472 1051 2534 Deneken
1074 2474 1159 2549 apud
1183 2473 1390 2535 Roschernm

160 2588 283 2658 (Lexic.
309 2588 447 2657 12506)
479 2603 522 2648 ex
551 2586 683 2647 Arriani
713 2584 860 2647 Anabasi
883 2586 966 2662 (VII,
994 2585 1044 2662 14,
1070 2587 1101 2656 7)
1124 2585 1325 2648 locutionem
1348 2584 1388 2658 ὡς

160 2699 239 2779 ἥρωϊ
266 2700 371 2778 θύειν,
401 2701 459 2762 sed
490 2700 600 2761 locum
630 2699 741 2774 ipsum
765 2699 1018 2774 inspicientibus
1041 2699 1211 2774 apparebit
1233 2699 1388 2761 Donakon

159 2812 272 2875 locum
296 2815 385 2876 male
409 2813 574 2875 laudasse.
599 2811 706 2874 Verba
729 2814 818 2873 enim
842 2815 938 2873 sunt:

209 2925 376 3007 ,ἐναγίζειν
400 2948 430 2986 τε
454 2925 500 2986 ὅτι
523 2923 569 2986 ἀεί
594 2923 633 2998 ὡς
652 2925 731 3005 ἥρωϊ
747 2923 883 2986 ἐκέλευεν
896 2920 1109 3004 Ἡφαιστίωνι,
1128 2934 1214 2987 τοῦτο
1239 2922 1294 3003 μὲν
1313 2924 1388 3005 πρὸς

159 3048 220 3100 τῶν
254 3040 399 3101 πλείστων
432 3037 666 3120 ἀναγέγραπται·
702 3038 735 3099 οἱ
765 3035 799 3098 δὲ
840 3037 981 3120 λέγουσιν
1016 3038 1061 3099 ὅτι
1090 3038 1140 3099 καί
1171 3038 1212 3110 εἰς
1229 3036 1388 3118 Ἄμμωνος

158 3152 294 3232 ἔπεμψεν
317 3150 521 3234 ἐρησομένους
544 3152 597 3213 τὸν
620 3152 696 3213 θεὸν
720 3152 747 3212 εί
768 3151 819 3212 καὶ
842 3149 890 3224 ὥς
913 3158 990 3236 θεῷ
1010 3154 1103 3214 θύειν
1122 3157 1271 3248 συγχωρεῖ
1277 3147 1388 3229 Ἥφαι-

160 3266 271 3327 στίωνι·
294 3266 347 3327 τὸν
371 3263 404 3327 δὲ
427 3265 464 3328 οὐ
488 3267 710 3347 συγχωρῆσαι.”

205 3381 345 3442 Tretzes
375 3383 488 3442 autem
518 3378 551 3440 τὸ
582 3376 779 3456 ὁλοιαύιωμα
806 3381 900 3442 Aiaci
924 3379 1073 3441 oblatum
1099 3379 1243 3456 appellat
1273 3379 1388 3438 θυσίαν

161 3504 201 3577 πρ
233 3493 317 3574 ἥρωι.
348 3494 419 3554 Non
443 3494 538 3555 facile
562 3494 661 3554 unius
685 3495 826 3555 Taetzae
848 3493 959 3554 verbis
982 3492 1088 3553 fretus
1115 3487 1320 3554 affirmarim
1333 3494 1389 3553 Lo·

159 3623 293 3669 cronses
327 3609 462 3669 Aiacem
499 3623 564 3669 non
595 3624 653 3684 pro
684 3610 796 3685 heroe,
828 3609 886 3668 sed
909 3623 968 3683 pro
988 3607 1135 3690 δαιμονίῳ
1159 3630 1197 3691 αμ
1221 3607 1387 3668 habuisse.

160 3721 224 3781 Sed
257 3725 333 3796 post
367 3737 407 3782 ea
442 3736 524 3796 quaa
558 3738 660 3798 supra
689 3723 728 3783 de
759 3723 860 3783 Aiace
892 3722 1135 3797 disputavimus
1166 3721 1219 3781 vel
1247 3720 1388 3781 'izetzae

160 3835 261 3896 verba
296 3835 474 3896 observatu
505 3835 603 3910 digna
632 3837 794 3897 videntur.
824 3835 1064 3897 Animadverte
1087 3851 1215 3910 quoque
1239 3838 1386 3911 tempus,

160 3962 224 4021 quo
259 3963 379 4009 navem
410 3948 581 4009 incensam
611 3950 645 4008 in
677 3949 782 4010 altum
813 3949 984 4010 inmittere
1007 3949 1162 4010 solerent.
1186 3949 1302 4010 Flebat
1326 3946 1389 4010 ἐπεὶ

157 4055 255 4140 ἡμίρα
290 4062 470 4137 διεφαίνετο.
505 4063 636 4125 Dixeris
669 4065 795 4125 iactum
830 4065 862 4125 id
894 4080 968 4126 esse
999 4065 1076 4138 quia
1106 4065 1197 4125 venti
1231 4066 1410 4158 matutini!

158 4190 251 4237 mare
287 4192 420 4239 versum
451 4177 531 4239 tlare
559 4177 679 4239 solent.
715 4179 758 4238 At
789 4177 931 4239 observa
961 4178 1072 4238 addita
1095 4193 1168 4239 esse
1192 4182 1291 4241 baec:
1319 4177 1389 4255 „roi
1487 4257 1490 4264 Ι

159 4287 246 4352 οὔπω
258 4286 346 4369 ἡλίου
358 4290 534 4371 ἀνίσχοντος
554 4290 631 4369 αὐτὴ
650 4289 872 4370 κατεφλέχθη”.
894 4293 1037 4354 Videsne
1050 4291 1251 4354 sacrificium
1264 4295 1391 4355 facium

154 4421 227 4466 esse
259 4406 366 4480 primo
398 4406 542 4467 diluculo
565 4407 657 4467 brevi
681 4409 829 4482 ternpore
854 4409 931 4467 ante
954 4408 1036 4468 solis
1060 4410 1197 4469 ortum?
1220 4408 1303 4484 Quid
1327 4410 1389 4470 hoc

156 4520 219 4580 sibi
244 4519 340 4605 vult?
362 4519 412 4581 Ad
438 4519 692 4580 verba·Pindari
717 4520 846 4588 (lstbm.
866 4519 922 4595 IV,
951 4520 1042 4591 110):

513 4639 610 4693 τοῖσιν
634 4632 666 4693 ἐν
691 4634 855 4710 δυθμαῖσιν
879 4633 979 4714 αὐγᾶν

515 4748 591 4824 φλὸξ
613 4744 834 4825 ἀνατελλομένα
858 4745 980 4827 συνεχὲς
