3525 5692
389 728 452 787 102
911 746 952 790 mr
976 745 1086 790 arnor.

385 929 412 974 z.
437 914 473 990 Β,
497 913 585 975 Kind
608 915 675 975 und
698 915 783 976 Zeus
807 917 872 976 und
893 915 1082 991 gestorben,
1102 914 1219 975 sodass
1239 929 1302 974 nur
1320 914 1612 988 seinezeugungs·

385 1025 473 1086 krait
507 1027 553 1086 im
587 1027 734 1103 Phellos,
765 1028 825 1089 das
859 1030 905 1089 ist
934 1045 970 1089 er
999 1028 1105 1089 selbst
1135 1027 1186 1096 (ci.
1216 1026 1389 1104 baetylos,
1413 1026 1610 1087 Mercurium

384 1137 639 1216 Ithypballum),
664 1140 739 1200 dem
763 1140 875 1201 Iubalt
897 1141 955 1202 der
973 1139 1182 1214 mystischen
1201 1137 1292 1199 Oiste
1309 1138 1405 1216 (κίστη
1424 1147 1484 1198 τῶν
1504 1139 1612 1216 Kadoi·
1731 1141 1732 1186 i

384 1254 458 1327 ρων)
497 1251 649 1312 erbalten
689 1252 823 1314 blelbt.”
866 1253 938 1314 Non
972 1252 1083 1315 solum
1114 1252 1154 1312 de
1183 1253 1312 1314 seniore
1342 1254 1377 1313 et
1410 1252 1450 1313 de
1487 1253 1612 1312 iuniore

386 1363 502 1425 Cabiro
542 1364 724 1438 loquuntur
763 1366 964 1442 mythologi,
995 1367 1052 1427 sed
1083 1367 1187 1427 etiam
1219 1366 1258 1427 de
1287 1365 1446 1427 iratribus
1476 1364 1612 1426 cabiris.

385 1476 456 1537 Duo
496 1476 635 1538 iuvenes
682 1478 793 1539 Onnes
835 1482 869 1540 et
903 1479 1018 1540 Tottes
1052 1479 1173 1540 cistam
1207 1477 1400 1540 cabirorum
1431 1481 1611 1540 Assessum

386 1592 520 1664 portant
550 1590 663 1659 (Nicol.
687 1590 840 1652 Damaso.
863 1592 903 1652 ir.
928 1595 991 1661 54).
1016 1592 1104 1656 Duos
1127 1591 1249 1652 iratres
1273 1591 1326 1651 hic
1349 1606 1478 1664 qnoque
1504 1606 1611 1667 reppe·

386 1703 492 1762 rimus
533 1703 722 1764 Dardanum
764 1706 799 1764 et
840 1705 1016 1766 Iusionem.
1057 1702 1247 1765 (ionicimns
1288 1703 1389 1777 igitur
1423 1703 1612 1764 Dardanum

381 1815 427 1875 ob
460 1815 556 1876 initio
591 1814 746 1877 Cabirum
775 1818 941 1891 quendam
972 1816 1085 1890 quales
1116 1819 1212 1905 erant
1245 1816 1375 1876 Lemnii
1404 1816 1527 1890 fuisse;
1556 1817 1615 1876 hoc

386 1929 483 1989 modo
506 1931 605 2002 atque
629 1929 714 1990 hanc
737 1930 777 1991 ob
800 1945 935 1991 causam
960 1932 1046 1991 inter
1069 1930 1147 1991 deos
1171 1929 1418 1991 samothracios
1442 1945 1519 1989 eum
1544 1944 1615 1990 esse
1732 1967 1733 1972 κ

387 2046 574 2118 exceptum.

429 2157 506 2231 Sed,
532 2157 570 2216 ut
589 2156 680 2217 Attis
703 2156 736 2216 in
757 2158 936 2217 stemmate
955 2172 1071 2232 regum
1091 2157 1259 2231 Lydorum
1278 2157 1457 2233 invenitur,
1478 2157 1613 2217 sicDar·

386 2271 493 2331 danus
527 2285 625 2330 suum
660 2269 724 2329 sibi
757 2269 868 2330 locum
904 2271 1031 2345 accepit
1062 2270 1097 2330 iu
1126 2284 1242 2344 regum
1272 2269 1487 2330 Troianorum
1520 2271 1614 2331 serie.

386 2384 484 2459 Origo
508 2387 622 2445 autem
645 2382 717 2444 eius
739 2382 822 2443 latet
845 2384 879 2443 iu
903 2383 1061 2458 religione
1085 2384 1321 2458 antiquissima
1340 2384 1497 2458 Lelegum
1518 2386 1615 2456 atque

386 2497 617 2573 Pelasgorum,
654 2497 709 2571 qui
743 2497 866 2573 populi,
904 2497 990 2558 sicut
1024 2511 1168 2556 summa
1187 2497 1372 2571 sagacitate
1403 2496 1616 2569 doctrinaque

386 2611 517 2686 copiosa
550 2610 661 2670 docuit
694 2610 790 2686 rior,
826 2625 843 2670 e
874 2609 1066 2684 regionibus
1095 2609 1414 2683 septentrionalibus
1444 2608 1612 2669 Graeciam
1733 2673 1734 2680 χ

386 2724 583 2784 invaserunt
613 2736 735 2798 perque
764 2722 893 2782 insulas
924 2722 1083 2783 Minorem
1114 2723 1148 2782 in
1178 2722 1295 2782 Asiam
1323 2723 1616 2796 transmigrarunt.

390 2835 470 2912 „Die
501 2836 652 2910 Religion
683 2835 740 2896 der
764 2835 920 2910 Pelasger
942 2835 987 2895 ist
1010 2835 1293 2910 gerennzeicbnet
1314 2836 1419 2896 durch
1443 2837 1517 2895 eine
1540 2835 1618 2909 grob

387 2948 550 3010 sinniicbe
580 2948 775 3023 Verehrung
802 2949 860 3010 der
890 2948 1077 3023 Zeugungs·
1109 2949 1175 3009 und
1207 2947 1402 3009 Gebarkrait
1425 2949 1482 3008 der
1504 2948 1619 3024 Nalm,

387 3063 449 3122 wie
479 3062 530 3122 sie
559 3062 632 3122 sich
655 3062 703 3122 im
726 3061 990 3122 Phallasdienste
1013 3064 1103 3122 saint
1125 3061 1252 3122 seinem
1276 3059 1472 3122 weiblioben
1496 3060 1618 3136 Gegan-

387 3176 504 3236 scocie
537 3176 735 3250 ausspricht.
770 3174 829 3236 Die
863 3175 1059 3266 Verehrung
1092 3175 1151 3235 des
1179 3174 1400 3236 Phallosidols
1429 3177 1546 3249 grenat
1576 3190 1617 3234 au

387 3290 500 3351 reiuen
536 3288 794 3363 Fetiscbdienst,
827 3288 878 3349 die
909 3287 1064 3363 Pelasger
1094 3303 1206 3348 waren
1238 3303 1288 3365 es,
1312 3289 1363 3348 die
1387 3289 1500 3349 diesen
1525 3303 1618 3348 uner·
1734 3315 1735 3384 ᾗ

386 3401 569 3463 ireulicben
592 3400 662 3475 Zug
684 3403 718 3462 in
741 3401 793 3461 die
816 3402 1021 3476 griechische
1041 3401 1323 3476 Religions'ubung
1346 3401 1617 3476 hiueingetragen

389 3515 505 3576 haben.
536 3514 614 3574 Dies
646 3515 703 3574 hat
733 3516 837 3575 sehon
868 3515 1016 3576 Herodot
1043 3511 1165 3593 (1151)
1195 3515 1268 3575 kiar
1291 3515 1465 3576 erkannt.”
1491 3515 1616 3589 (Vorgr.

390 3627 556 3703 ortano.
584 3629 666 3697 145).

433 3740 480 3801 De
503 3741 575 3801 deis
596 3740 795 3816 ithyphallls
817 3743 981 3815 quomodo
1004 3742 1091 3802 iuter
1113 3757 1150 3802 se
1169 3743 1238 3802 siut
1256 3742 1438 3818 coniuncti,
1458 3741 1620 3817 quibusve

389 3854 491 3914 variis
521 3855 711 3914 nominibus
741 3855 883 3915 diversis
914 3856 947 3914 in
979 3854 1132 3916 Graeciae
1154 3855 1355 3942 regionibus
1383 3855 1619 3927 indicarentur,

389 3968 553 4041 quomodo
577 3969 618 4029 ad
642 3982 745 4029 unum
764 3983 884 4029 omnes
903 3968 994 4029 cultu
1013 3971 1111 4042 atque
1130 3968 1288 4044 religione
1307 3983 1383 4029 cum
1404 3967 1503 4029 Terra
1514 3967 1618 4028 Matre

388 4084 479 4141 arcte
510 4084 623 4141 essent
653 4082 769 4143 conexi
795 4081 967 4156 ingeniose
998 4084 1136 4156 egerunt
1166 4081 1282 4142 Kaibel
1308 4083 1341 4143 et
1370 4081 1475 4142 Prctt.
1502 4080 1619 4142 Lemni

388 4210 415 4255 e.
440 4210 471 4269 g.
500 4174 664 4256 Vulcanus
688 4193 880 4256 Cabirorum
903 4196 937 4255 iu
958 4195 1085 4255 cultum
1106 4197 1261 4271 acceptus
1280 4198 1365 4272 erat,
1386 4209 1449 4268 quo
1470 4195 1510 4254 de
1530 4208 1618 4254 nexu

389 4309 497 4369 multa
519 4310 664 4384 optimae
687 4309 792 4383 frugis
810 4308 944 4384 collegit
961 4309 1126 4370 Fredrich.
1148 4309 1210 4369 Sed
1228 4323 1294 4368 uon
1313 4306 1498 4368 omittenda
1511 4308 1621 4367 iuerat

390 4423 579 4484 observatio
614 4423 738 4484 photii:
773 4422 950 4502 „Kcisssroor
982 4422 1122 4499 δαίμονες
1156 4420 1188 4482 ἐκ
1222 4421 1362 4499 Λήμνου·
1398 4418 1455 4481 εἰσὶ
1486 4417 1524 4497 δὴ
1554 4417 1620 4498 ἤτοι

381 4535 549 4613 Ἥφαιστοι
571 4534 591 4616 ἢ
617 4539 771 4609 Τιτᾶνες.”
796 4537 890 4598 Unde
914 4538 1073 4598 discimus
1096 4537 1183 4598 inter
1203 4534 1273 4607 τοὺς
1291 4529 1479 4611 ‘Hectoreos
1498 4535 1532 4593 et
1550 4531 1620 4603 τοὺς

394 4657 522 4724 Τιτᾶνας
542 4655 668 4714 certam
687 4652 917 4714 intercessisse
937 4651 1201 4725 congruentiam.
1221 4650 1247 4709 D
1266 4649 1376 4710 verbis
1395 4660 1473 4708 uero
1486 4644 1621 4706 Luciani

393 4770 445 4843 (de
469 4769 564 4831 Saltu
587 4771 644 4847 21,
671 4768 724 4839 79)
748 4767 908 4844 ‚Priapus
931 4775 990 4826 τῶν
1016 4765 1151 4824 Τιτάνων
1175 4755 1216 4834 εἷς
1239 4760 1260 4843 ἢ
1285 4771 1342 4822 τῶν
1360 4755 1481 4822 Ἰδαίων
1505 4757 1621 4817 Δακτύ-
