3525 5692
350 699 392 759 ta
871 711 914 758 on
936 711 1047 760 araon.

347 890 460 947 amata
482 887 520 944 ut
542 885 577 944 in
599 899 692 945 mare
714 885 988 961 praecipitaretur
1010 887 1100 947 sorte
1123 885 1229 947 electa
1251 888 1314 948 est.
1345 885 1431 947 'lum
1450 885 1576 947 Enalus

347 999 512 1074 virginem
544 998 720 1074 amplexus
749 1013 817 1058 una
840 1013 916 1059 cum
941 1012 980 1058 ea
1003 998 1036 1058 in
1060 999 1167 1060 undas
1188 998 1323 1060 desiluit
1346 1014 1485 1074 eamque
1508 1015 1575 1061 ser·

348 1112 451 1173 ravit.
475 1112 596 1172 Postea
619 1125 708 1188 vero,
735 1126 811 1172 cum
835 1111 945 1172 subito
968 1111 1088 1174 fluctus
1111 1112 1198 1172 circa
1220 1110 1366 1173 insulam
1384 1113 1575 1174 attolleren-

344 1228 410 1302 tur,
433 1225 558 1286 Enalus
580 1224 672 1285 solus
697 1225 737 1285 ad
765 1224 847 1284 litus
878 1225 1030 1286 accessit.
1063 1224 1145 1286 Ecce
1176 1241 1194 1286 e
1224 1225 1368 1302 polypis,
1397 1227 1453 1301 qui
1483 1227 1574 1287 litori

347 1339 654 1415 appropinquabant
684 1339 853 1399 maximus
885 1338 1020 1413 gerebat
1055 1337 1213 1415 lapidem,
1246 1354 1344 1413 quem
1375 1339 1498 1400 Enalus
1529 1341 1575 1400 ibi

348 1452 499 1528 deposuit
534 1453 752 1528 Neptunoque
782 1452 959 1513 dedicavit.
989 1447 1051 1510 Καὶ
1081 1459 1189 1512 τοῦτον
1213 1453 1426 1528 (Neptunum)
1443 1449 1577 1513 Ἔναλον

348 1570 500 1644 „troops
524 1566 614 1627 aero
637 1565 835 1626 Plutarchus
858 1564 931 1636 (vu
955 1566 1102 1641 sapient.
1127 1566 1191 1636 ao).
1297 1543 1302 1552 '

392 1682 523 1742 Revera
540 1679 692 1740 Enalium
712 1679 817 1740 fuisso
836 1680 1024 1754 Neptunum
1043 1680 1139 1742 docet
1158 1679 1321 1742 Pindarus
1339 1680 1438 1754 Pyth.
1451 1680 1496 1739 IV
1509 1683 1574 1742 363

709 1787 776 1853 ἔνθ’
802 1789 899 1872 ἁγνὸν
923 1792 1140 1865 Ποσειδάωνος
1164 1790 1212 1852 ἕσ-

704 1899 784 1965 σαντ’
810 1904 944 1965 εἰναλίου
967 1903 1099 1984 τέμενος.
1152 1942 1154 1947 ,

351 2022 398 2083 Ob
428 2021 573 2099 lapidem
604 2021 729 2082 iactum
760 2020 831 2080 iure
853 2020 999 2081 fortasse
1022 2019 1205 2082 contuleris
1229 2020 1403 2080 Ποσειδᾶνα
1423 2024 1575 2101 Πετραῖον

349 2135 469 2205 (schol.
493 2135 644 2210 Apollon.
668 2134 717 2193 III
743 2134 850 2205 1243).

394 2249 505 2310 Habes
538 2249 591 2308 hic
625 2261 753 2322 quoque
784 2248 822 2307 ut
850 2247 885 2307 in
916 2246 1083 2308 Salamine
1112 2246 1258 2323 lapidem
1288 2262 1387 2325 prope
1415 2249 1455 2309 ab
1478 2249 1575 2310 litore

350 2364 495 2438 positum
518 2362 643 2436 deoque
667 2360 796 2421 marino
819 2359 1026 2435 dedicatum
1057 2359 1111 2421 hic
1133 2374 1263 2434 quoque
1286 2360 1452 2435 virginem
1476 2377 1495 2423 a
1517 2378 1574 2424 nu-

349 2477 439 2538 mine
468 2490 629 2549 aquarum
661 2474 808 2535 amatam
833 2474 867 2534 et
890 2475 1071 2535 servatam.
1094 2473 1223 2535 Nomen
1246 2474 1375 2563 puellae
1398 2475 1576 2537 Lesbiacae

349 2591 474 2665 chryse
496 2589 549 2651 vel
573 2588 711 2663 Apriate
733 2588 806 2658 (troc
828 2587 965 2648 ductum
989 2601 1032 2647 ex
1049 2590 1085 2646 Ἀ
1108 2589 1161 2658 99)
1185 2591 1266 2650 erat.

395 2704 456 2780 Sed
488 2717 591 2776 negas
617 2699 789 2762 vinculum
813 2700 939 2760 arctius
963 2700 1050 2761 inter
1073 2699 1219 2762 fabulam
1243 2701 1421 2764 Euboicam
1445 2705 1480 2763 et
1503 2704 1575 2764 Les·

348 2818 478 2879 biacam
501 2817 637 2877 exstare
660 2814 695 2873 ni
718 2813 862 2875 validius
880 2813 1039 2875 afferatur
1058 2819 1305 2889 argumentum.
1321 2816 1423 2877 Volve
1443 2819 1578 2881 Parthe-

349 2931 456 3019 nium,
493 2929 549 2990 ubi
582 2929 666 3004 legis
701 2928 805 2997 (Narr.
831 2928 905 2989 Am.
931 2929 1001 2999 aot:
1040 2928 1256 3004 ,Trambelus
1290 2930 1465 2994 Telamonis
1487 2930 1576 2994 filius

346 3045 473 3105 frustra
496 3043 632 3104 amabat
653 3042 806 3119 Aprtcten
830 3043 994 3116 virginem
1017 3041 1214 3119 Lesbiorum,
1235 3060 1350 3123 quam,
1371 3060 1446 3107 curn
1466 3048 1576 3109 citiore

347 3156 451 3218 vellet
472 3157 645 3232 miseram,
670 3156 864 3231 persecutus
889 3157 941 3215 est
964 3156 1067 3217 donec
1090 3157 1124 3216 in
1142 3171 1235 3219 mare
1253 3173 1289 3218 se
1312 3161 1574 3236 praecipitarer&

392 3270 536 3332 Videsne
560 3270 645 3329 hanc
667 3269 893 3329 narrationem
918 3270 1013 3342 quasi
1036 3270 1148 3348 ζεῦγμα
1171 3272 1368 3348 coniungere
1388 3273 1578 3336 Telamonis

348 3387 446 3458 atque
469 3383 564 3444 Enali
585 3383 736 3444 tabellas.
761 3382 897 3443 Telamo
921 3383 1055 3445 amabat
1078 3383 1297 3463 nescientem,
1321 3387 1444 3448 Enalus
1468 3388 1575 3449 volen-

348 3502 431 3574 tem,
457 3497 651 3559 l'rambelus
674 3497 858 3571 nolentem;
884 3497 941 3558 sed
962 3499 1014 3558 ter
1033 3497 1142 3573 agitur
1161 3499 1200 3559 de
1220 3498 1280 3560 deo
1299 3500 1427 3562 marino
1447 3502 1574 3577 puellae

348 3614 498 3673 amatore
521 3613 625 3687 deque
648 3611 759 3686 puella
782 3611 816 3672 in
840 3612 926 3672 mari
949 3611 1001 3671 vel
1025 3627 1085 3686 per
1107 3627 1200 3673 mare
1223 3615 1366 3674 servata.

393 3725 509 3786 Melius
538 3726 642 3786 etiam
665 3725 844 3800 perspicies
868 3725 1119 3799 congruentiam
1144 3725 1282 3788 adiectis
1304 3725 1444 3788 Tzetzae
1468 3727 1576 3788 verbis

349 3839 389 3900 ad
412 3839 571 3914 Lycophr.
597 3838 692 3898 Alex.
717 3839 799 3898 467:
827 3835 920 3914 ,μετὰ
942 3834 997 3914 τὴν
1013 3832 1105 3897 Ἰλίου
1125 3836 1236 3897 ἅλωσιν
1255 3836 1309 3916 τὴν
1329 3837 1496 3918 γενομένην
1514 3838 1574 3901 ὑπὸ

343 3947 529 4030 Ἡρακλέους
566 3949 709 4028 Τελαμὼν
745 3949 833 4029 ἔλαβε
855 3947 945 4030 γε’ρας
976 3947 1126 4030 ἐξαίρετον
1161 3951 1341 4033 Θεάναιραυ.
1371 3953 1448 4031 αὕτη
1480 3949 1513 4014 δὲ
1534 3952 1574 4014 ἐκ

351 4074 419 4125 τοῦ
446 4068 685 4142 Τελαμῶνος
710 4062 852 4144 ἔγκυος
875 4062 1075 4145 γενομένη
1098 4062 1273 4144 ἀπέδραμεν
1297 4063 1329 4126 ἐκ
1351 4075 1404 4144 τῆς
1427 4064 1501 4139 νεὼς
1524 4066 1574 4127 καὶ

350 4170 445 4257 ἦλθεν
469 4178 510 4249 εἲς
535 4179 677 4255 Μίλητον
701 4175 980 4255 διανηξαμένη
1003 4176 1071 4254 τὴν
1095 4177 1239 4256 μεταξὺ
1263 4179 1481 4240 θάλασσαν.

393 4295 483 4372 Quod
518 4295 617 4355 modo
652 4294 848 4357 narrabatur
885 4295 924 4355 de
958 4294 1148 4355 Telamonis
1182 4293 1250 4354 filio
1285 4293 1458 4355 Trambelo
1489 4310 1575 4356 nuno

348 4409 549 4470 nominatim
571 4409 611 4468 ad
635 4409 745 4483 ipsum
766 4408 909 4468 retertur
928 4407 1155 4469 Telamonem.
1179 4407 1329 4468 Dubitari
1348 4422 1414 4468 non
1433 4408 1577 4483 amplius

347 4523 433 4583 licet.
465 4521 598 4582 Fabulis
622 4521 721 4596 igitur
744 4521 959 4596 iuxtapositis
983 4523 1016 4582 et
1039 4522 1126 4581 inter
1149 4537 1185 4582 se
1208 4520 1338 4581 collatis
1361 4535 1428 4582 non
1451 4521 1575 4582 dubita·

349 4651 425 4696 mus
455 4650 507 4710 ea,
536 4649 619 4708 quae
642 4635 681 4694 de
703 4633 819 4710 Enalo,
845 4635 885 4694 de
909 4633 1098 4711 Trambelo,
1123 4635 1163 4695 de
1186 4634 1364 4695 Telamone
1388 4637 1575 4710 narrantur,

349 4747 390 4807 ad
420 4761 524 4809 unum
551 4746 674 4807 reterre
704 4745 859 4808 schema:
892 4747 973 4807 deus
1004 4746 1155 4808 marinus
1183 4747 1332 4808 humana
1353 4747 1461 4808 forma
1483 4747 1576 4808 indu-
