3525 5692
693 719 734 764 nn
760 721 870 766 rrrcn.
1350 705 1391 764 21

208 895 322 956 Unum
342 894 519 955 omisimus
539 909 674 955 versum
694 908 814 968 nempe
829 895 910 971 284,
924 910 1022 968 quem
1035 896 1150 956 reiecit
1161 895 1393 957 Aristarchus:

386 1005 439 1066 καί
460 1022 492 1067 σε
514 1004 614 1067 νόθον
636 1027 692 1086 περ
715 1003 803 1066 ἐόντα
821 1001 998 1084 ’κομίσσατο
1020 1009 1068 1091 ‚fob
1092 1006 1138 1068 ἐνί
1157 1009 1263 1093 folco).

206 1123 278 1184 Hoc
305 1123 418 1182 autem
442 1136 542 1182 versu
565 1122 687 1182 reiecto
713 1123 920 1182 evanescunt
943 1138 986 1183 ex
1005 1123 1108 1184 Iliade
1131 1123 1249 1184 Teucri
1270 1123 1395 1194 νοθείας

163 1238 372 1298 documenta.
403 1235 529 1297 Tamen
559 1251 626 1297 non
656 1234 860 1308 dubitamus,
895 1237 974 1309 quin
1001 1237 1046 1297 sit
1068 1237 1263 1298 reiciendus.
1286 1237 1390 1297 Uxori

161 1351 252 1413 enim
285 1349 376 1412 laudi
407 1349 453 1410 sit
483 1349 606 1410 nothos
637 1348 759 1410 liberos
789 1349 906 1410 eodem
933 1349 1006 1411 loco
1029 1365 1094 1424 quo
1117 1365 1196 1412 suos
1219 1350 1390 1426 babuisse,

163 1466 293 1540 petrem
321 1465 436 1525 contra
458 1461 511 1522 τὸν
535 1460 633 1522 νόθον
656 1462 703 1546 for
727 1459 773 1522 ἐνί
795 1460 892 1547 ίοίκφ
916 1462 1117 1540 κομίσασθαι,
1142 1465 1220 1538 quid
1243 1463 1391 1525 mirum?

159 1578 325 1639 Laudibus
356 1575 500 1638 afficitur
531 1592 551 1638 a
577 1578 677 1652 poeta
700 1576 848 1652 Theano,
873 1591 958 1650 quae
981 1577 1103 1639 marito
1127 1593 1188 1639 suo
1211 1573 1391 1657 χαριζομένη

162 1693 305 1754 nothum
327 1691 433 1752 lilium
456 1690 559 1751 simul
583 1706 659 1751 cum
683 1690 755 1751 suis
772 1690 886 1751 liberis
906 1691 1053 1753 nutrisse
1072 1692 1192 1753 dicitur
1210 1693 1251 1762 (Ε
1265 1692 1390 1764 lose).

164 1808 254 1884 Quod
273 1821 351 1868 vero
371 1805 544 1866 Telamoni
562 1804 652 1865 laudi
673 1805 775 1866 vertit
795 1820 844 1866 vs.
867 1806 946 1882 284,
960 1808 1041 1866 tunc
1053 1806 1215 1881 temporis
1227 1803 1393 1866 iaciebant

110 1927 113 1933 '
163 1924 275 1998 patres
299 1936 427 1983 omnes.
451 1919 619 1980 Dabimus·
633 1919 836 1994 exemplum.

205 2037 321 2112 Poeta,
351 2034 425 2108 quis
447 2033 567 2110 nescit,
592 2032 721 2093 nullam
745 2033 825 2093 iacit
848 2033 935 2093 inter
958 2033 1156 2094 Graecorum
1181 2035 1214 2094 et
1238 2033 1390 2094 Troiano·
1488 2086 1490 2089 .

163 2165 239 2210 rum
262 2163 374 2210 mores
396 2147 665 2221 discrepantiam.
689 2147 856 2208 Aiiluebat
878 2147 1004 2208 Priami
1026 2148 1118 2222 regia
1136 2147 1250 2208 nothis
1268 2146 1391 2208 liberis.

209 2262 442 2323 Andromache
484 2262 538 2322 in·
561 2261 726 2337 Euripidis
768 2260 880 2323 fabula
921 2262 1100 2323 Hectorem
1135 2262 1184 2322 sic
1217 2260 1395 2335 alloquitur

167 2378 281 2448 (Andr.
305 2392 356 2438 vs.
381 2377 446 2436 244
470 2381 570 2451 sqq.):
1042 2378 1046 2388 ’

386 2487 434 2551 σοί
456 2487 508 2550 καί
531 2489 687 2569 ξονήροεν,
708 2488 785 2549 εἴτι
808 2505 841 2548 σε
865 2487 994 2566 σφάλλω
1016 2488 1137 2568 Κύπρις

386 2600 439 2664 καί
462 2602 578 2682 μαστὸν
600 2601 661 2682 ἤδη
685 2601 829 2675 πολλάκις
852 2601 977 2663 νόθοισι
999 2607 1063 2674 σοῖς

390 2714 529 2796 ἐπέσχον,
551 2717 602 2778 ἴνα
626 2733 675 2779 σοι
698 2713 794 2796 μηδὲν
818 2714 942 2794 ἕνδοίην
964 2715 1082 2796 πικρόν.

212 2834 295 2911 Quid
316 2834 417 2909 igitur
436 2833 500 2894 sibi
518 2833 591 2894 vult
607 2849 657 2895 vs.
678 2833 758 2910 284,
778 2833 807 2894 si
827 2832 873 2893 nil
889 2831 1054 2911 peculiare
1066 2829 1168 2892 habet
1179 2828 1394 2892 Telamonem

165 2947 271 3010 fllium
295 2963 394 3010 suum
417 2948 559 3009 nothum
583 2947 673 3011 dorni
696 2946 878 3008 educasse?
941 3003 943 3009 .

209 3064 312 3124 Poeta
334 3063 449 3125 Teucri
471 3062 600 3123 νοθείαν
623 3078 690 3124 non
714 3063 820 3124 novit.
841 3063 882 3120 M
900 3063 965 3123 372
986 3061 1111 3123 Teucer
1128 3060 1267 3120 vocatur
1284 3059 1396 3144 Aiacis

165 3176 345 3258 κασίγνητος
367 3175 419 3237 καὶ
442 3173 573 3257 ὄπατρος
596 3178 617 3239 i.
643 3193 671 3238 e.
696 3177 800 3238 irater
822 3175 1012 3250 etquidem
1035 3174 1151 3236 eodem
1172 3174 1395 3247 patronatus.

167 3289 377 3371 ,Καοίγνηιος
400 3293 429 3352 is
454 3306 474 3351 a
496 3290 630 3366 general
653 3293 740 3351 term
765 3289 920 3364 covering
941 3288 1118 3362 fraternity
1142 3301 1184 3348 on
1206 3285 1300 3346 either
1322 3286 1393 3348 side

166 3405 231 3466 and
261 3405 291 3465 is
322 3405 518 3480 specialized
549 3405 593 3479 by
623 3405 680 3465 the
711 3403 860 3465 addition
885 3404 921 3464 of
941 3399 1103 3482 ὄπατρος.”
1126 3401 1180 3465 Sic
1203 3402 1293 3461 recte
1315 3400 1396 3461 Leaf

166 3519 206 3579 ad
230 3522 261 3577 Λ
285 3519 359 3580 257.

214 3633 239 3692 O
263 3634 327 3693 439
351 3649 422 3709 sqq.
445 3634 508 3695 hoc
530 3633 628 3695 modo
651 3633 736 3696 Aiax
761 3632 926 3693 Teucrum
949 3629 1141 3703 alloquitur:

393 3749 506 3827 Τεῦκρε
530 3743 641 3823 πέπον,
663 3743 701 3823 δὴ
725 3753 800 3808 νῶιν
823 3740 972 3804 ἀπέκτατο
994 3740 1099 3814 πιστὸς
1122 3739 1237 3822 ἑταῖρος

390 3859 608 3940 Μαστορίδης,
628 3855 664 3920 ὃν
687 3867 745 3919 νῶι
767 3856 959 3938 Κυθηρόθεν
982 3853 1076 3918 ἔνδον
1098 3853 1189 3917 δοντα

389 3975 464 4033 ίῖσα
488 3971 647 4049 φίλοισι
668 3978 855 4032 τοκεῦσιν
880 3967 996 4048 ίτίομεν
1020 3967 1060 4029 ἐν
1083 3968 1305 4049 μεγάροισι.

211 4087 387 4148 Antecedit
411 4102 544 4148 versus:
571 4084 649 4158 Αἴας
673 4079 700 4144 δ’
727 4081 863 4172 ἐρρίγησε
887 4083 1069 4164 κασίγνητον
1093 4079 1126 4144 δὲ
1149 4081 1319 4163 προσηύδα.

212 4201 314 4276 Quid?
345 4201 410 4261 Tac
440 4201 522 4262 alios
552 4201 634 4261 duos
663 4199 793 4275 heroes,
825 4200 885 4260 sed
914 4200 970 4272 qui
997 4198 1058 4258 tibi
1081 4199 1186 4274 ignoti
1209 4197 1291 4272 sint,
1316 4195 1398 4257 talia

166 4315 254 4376 inter
276 4329 312 4374 se
336 4314 439 4390 loqui,
462 4313 576 4388 ecquid
596 4312 726 4374 dubites
746 4314 894 4373 statuere
913 4327 987 4372 esse
1006 4326 1064 4375 eos
1082 4312 1203 4375 iratres
1225 4309 1398 4370 uterinos?

167 4429 239 4489 Non
273 4428 397 4504 opinor.
429 4427 521 4488 Adde
552 4425 718 4487 Hesionae
748 4440 869 4486 nomen
901 4439 1065 4498 nusquam
1096 4425 1181 4500 apud
1212 4423 1397 4484 Homerum

166 4541 322 4616 inveniri,
345 4541 507 4601 Teucrum
529 4537 686 4614 appellari
704 4537 842 4598 ίάνακια
863 4541 912 4608 (Ψ
932 4539 1019 4614 859),
1045 4537 1198 4599 Herculis
1220 4536 1398 4613 expeditio·

165 4669 243 4715 nem
274 4654 466 4729 Troianam,
501 4653 553 4713 cui
584 4651 738 4736 interfuit
761 4651 912 4729 Telemo,
936 4651 1003 4727 legi
1027 4652 1160 4727 quidem
1183 4653 1218 4713 in
1240 4651 1397 4727 Homero,

170 4767 229 4841 sed
261 4768 295 4827 in
325 4768 383 4845 illo
418 4765 582 4844 epieodio,
614 4766 699 4847 quod
730 4766 868 4836 Bethius
892 4766 992 4837 (Neue
1014 4767 1126 4835 Jahrb.
1154 4767 1250 4837 1901)
1275 4765 1400 4841 optimo
