3525 5692
391 647 455 708 160
890 667 931 710 nu
956 667 1104 712 cnaunrs.

385 835 516 896 intenta
539 839 659 898 mens?
682 838 862 899 servemus
885 839 985 914 igitur
1009 839 1186 901 lectionem
1210 842 1382 917 traditam,
1412 843 1499 903 unde
1520 843 1604 903 disci-

389 964 465 1010 mus
489 950 667 1024 Spartanos
689 955 766 1013 ante
787 952 1022 1029 plenilunium,
1045 954 1066 1014 l.
1088 970 1116 1017 e.
1140 958 1217 1015 ante
1239 956 1387 1015 medium
1407 971 1554 1017 mensem
1567 991 1602 1000 —

387 1078 467 1123 nam
502 1066 630 1124 mensis
665 1069 764 1139 atque
798 1066 877 1126 luna
912 1069 1094 1128 nascuntur
1127 1068 1230 1128 simul
1264 1071 1297 1129 et
1332 1069 1500 1129 intereunt
1524 1065 1541 1138 ¹)
1568 1104 1602 1113 -

386 1177 573 1238 exercitum
604 1180 743 1240 educere
773 1179 929 1240 noluisse.
962 1179 1064 1241 (iuius
1087 1191 1199 1242 autem
1226 1183 1377 1242 mensis?
1400 1215 1444 1223 —
1469 1184 1605 1258 „Nempe

385 1297 439 1350 τον
467 1291 617 1365 Καρνείου
641 1291 770 1369 μηνός”,
801 1292 1022 1369 exclamablS,
1053 1295 1128 1369 „qui
1151 1310 1227 1355 curn
1252 1295 1489 1369 Metagitnione
1511 1297 1606 1356 attico

385 1406 579 1480 congruiti’
605 1440 645 1450 -
669 1408 714 1467 At
736 1410 817 1467 sunt
839 1409 894 1481 qui
918 1408 1013 1468 aliter
1037 1409 1197 1484 sentiant,
1226 1409 1313 1469 inter
1338 1424 1419 1483 quos
1443 1410 1606 1470 Bueoltius

385 1520 603 1580 ratiocinatur
637 1521 685 1581 sic
707 1515 744 1591 ²):
781 1521 989 1597 „Herodotus
1019 1522 1090 1582 loco
1121 1526 1234 1582 nostro
1265 1523 1305 1583 de
1329 1524 1455 1583 mensis
1478 1525 1606 1583 nomine

385 1649 521 1709 prorsus
544 1634 633 1710 silet,
661 1650 736 1695 cum
761 1634 837 1695 alibi
858 1635 940 1710 (VII,
962 1637 1037 1704 206)
1058 1639 1171 1711 aperte
1190 1637 1279 1696 dicat
1301 1635 1392 1712 „pand
1412 1635 1460 1713 δέ,
1482 1636 1606 1712 Κάρνεια

386 1747 446 1826 γάρ
479 1765 534 1824 σφι
568 1739 608 1826 ν’χν
643 1746 795 1825 ἐμποδών,
829 1747 951 1824 έμελλον
986 1746 1313 1826 ὅρτοίσαντες...υατὰ
1347 1749 1434 1827 τάχος
1469 1747 1606 1826 βοηθέειν

384 1861 570 1940 κανδημεί.”
583 1861 706 1923 Deinde
719 1862 901 1923 Pausanias
914 1878 1052 1939 quoque,
1066 1863 1122 1924 ubi
1135 1864 1174 1924 de
1190 1864 1395 1924 Marathonia
1408 1864 1477 1937 agit
1488 1878 1604 1939 pugna,

384 1974 501 2037 Oarnel
536 1977 664 2037 mensis
694 1978 828 2037 nomine
853 1978 979 2037 omisso
1003 1977 1103 2038 habet
1126 1979 1207 2038 haec
1230 1978 1345 2038 modo:
1373 1969 1470 2053 „alvea
1492 1974 1546 2056 γὰρ
1570 1975 1604 2053 δὴ

383 2091 479 2168 νόμον
515 2088 617 2159 αὐτοῖς
652 2087 693 2166 μὴ
724 2089 870 2167 πρότερον
902 2089 1111 2169 μαχουμένους
1143 2087 1252 2162 ἐξιέναι
1283 2087 1356 2164 πρὶν
1387 2086 1406 2166 ἢ
1430 2091 1527 2166 πλήρη
1557 2091 1605 2149 τὸν

385 2205 496 2264 κύκλον
531 2212 583 2280 της
617 2203 743 2281 σελήνης
766 2203 942 2283 γενέσθαι.”
974 2204 1119 2278 Denique
1143 2205 1250 2265 Schol.
1274 2206 1329 2265 Ar.
1355 2205 1436 2264 Ach.
1461 2206 1503 2265 84
1526 2208 1605 2266 nude

383 2319 526 2392 loquitur
549 2319 589 2379 de
612 2318 790 2402 πανσελήνῳ
814 2333 913 2392 quam
939 2317 1113 2395 περιέμενον
1133 2319 1395 2379 Lacedaemonii.
1417 2319 1539 2380 Contra
1557 2323 1606 2394 qui

383 2434 511 2494 mensis
545 2448 670 2493 nomen
704 2433 824 2493 adiecit
854 2433 1053 2493 Plutarchus
1083 2433 1223 2494 minime
1255 2435 1522 2508 Metagitnionem
1553 2439 1604 2497 sed

384 2547 658 2608 Boedromionem
677 2547 828 2607 nominat
847 2540 888 2617 8);
913 2547 969 2621 ,οὐ
988 2546 1045 2626 γὰρ
1066 2546 1161 2621 μόνον
1180 2545 1271 2618 ι’ίλλας
1291 2547 1399 2625 μυρίας
1419 2546 1541 2621 ἐξόδους
1560 2547 1604 2608 καὶ

385 2660 479 2739 μάχας
513 2660 694 2739 πεποίηνται
716 2660 812 2739 μηνὸς
835 2659 997 2736 ἱσταμένου
1022 2662 1062 2737 μὴ
1086 2661 1311 2738 περιμείναντες
1334 2658 1390 2737 τὴν
1407 2660 1605 2740 πανσέληνον,

384 2772 460 2834 ἀλλὰ
486 2771 538 2834 κοιλ
561 2776 670 2853 ταύτης
693 2782 745 2852 τῆς
772 2773 868 2853 μάχης
892 2771 976 2852 ἕκτης
1001 2775 1238 2851 Βοηδρομιῶνος
1260 2773 1423 2852 ἱσταμένου
1446 2774 1604 2855 γενομένης

384 2885 486 2968 ὀλίγον
521 2887 766 2967 ἀπελείφθησαν,
796 2888 870 2949 ὥστε
900 2887 950 2948 καὶ
981 2889 1158 2949 θεάσασθαι
1184 2889 1254 2960 τοὺς
1278 2889 1404 2963 νεκροὺς
1429 2887 1605 2962 ἐπελθόντας

385 3001 434 3063 ἐπὶ
456 3002 508 3062 τὸν
532 3002 656 3062 τόντον.”
683 3039 723 3047 -
751 3004 814 3080 „Es
837 3006 882 3065 ist
903 3005 1064 3064 demnach
1085 3020 1183 3078 sogar
1203 3005 1448 3080 anzunehmen,
1470 3006 1604 3066 dasedie

384 3117 557 3177 Botachatt
579 3118 636 3177 der
659 3118 806 3178 Athener
830 3117 923 3178 nicht
945 3118 977 3178 in
1002 3118 1053 3178 die
1076 3119 1148 3178 Zeit
1171 3119 1226 3178 der
1247 3119 1411 3178 Karneien
1434 3117 1521 3178 del.”

428 3230 550 3290 Vereor
583 3231 698 3290 tamen
732 3234 770 3291 ut
804 3247 939 3292 causam
976 3247 1071 3293 suam
1108 3233 1262 3292 omnibus
1301 3234 1448 3306 probarit
1483 3233 1603 3293 Busolt.

385 3344 469 3403 Nam
499 3344 658 3419 primum,
684 3347 769 3418 quod
795 3346 835 3406 ad
858 3345 1029 3406 Plutarchi
1053 3347 1174 3408 attinet
1195 3348 1441 3420 testimonium,
1467 3363 1604 3409 commu·

384 3459 472 3518 tavit
499 3457 697 3518 Plutarchus
728 3460 830 3535 diem,
864 3475 926 3533 quo
955 3473 1066 3534 pugna
1100 3461 1306 3520 Marathonia
1334 3464 1387 3520 est
1418 3461 1603 3534 commissa,

385 3585 460 3630 cum
490 3570 548 3630 illo
579 3571 630 3631 die
661 3588 725 3646 quo
756 3576 872 3648 postea
904 3576 943 3633 ad
976 3589 1121 3648 pugnam
1153 3574 1383 3635 celebrandam
1414 3589 1540 3636 necnon
1569 3575 1604 3634 ad

385 3688 501 3743 votum
543 3683 666 3746 Dianae
708 3688 965 3763 exsolvendum,
1009 3686 1139 3749 hostiae
1182 3689 1215 3748 in
1257 3696 1309 3765 της
1349 3688 1520 3767 Ἀγροτέρας
1554 3702 1605 3748 ara

386 3795 628 3858 mactabantur.
669 3800 854 3861 Audiamus
889 3801 1014 3876 ipsum,
1050 3804 1124 3877 post
1159 3801 1260 3862 verba
1295 3817 1396 3876 supra
1429 3801 1533 3862 allata
1562 3801 1605 3861 ita

387 3924 523 3970 causam
546 3925 643 3970 suam
663 3914 912 3975 defendentem:
936 3913 994 3991 „od
1014 3912 1069 3991 την
1090 3913 1165 3988 πρὸς
1179 3911 1433 3994 ’Ἁγραςνιομττὴν
1454 3913 1605 3992 ἱστόρηκας

386 4029 427 4098 (0,
460 4022 636 4094 Herodoto)
659 4021 698 4102 ἣν
720 4026 893 4103 πέμπουσιν
917 4027 958 4088 έτι
981 4036 1040 4087 νῦν
1063 4037 1098 4111 τῇ
1118 4023 1229 4112 Ἑκάτη
1253 4029 1429 4106 χαριστήρια
1453 4036 1504 4106 τῆς
1528 4028 1606 4104 νίκης

386 4134 585 4214 ἑορτάζοντες.
616 4141 674 4214 At,
704 4143 889 4216 rogaveris,
915 4143 1026 4203 verine
1050 4145 1148 4217 putas
1172 4157 1246 4203 esse
1265 4142 1375 4202 simile
1394 4142 1606 4202 Athenienses

385 4251 600 4313 hecatombas
621 4254 745 4316 Dianae
768 4256 952 4330 promissas
975 4271 1040 4316 non
1063 4256 1121 4316 illo
1145 4257 1223 4316 anni
1246 4256 1297 4316 die
1321 4270 1384 4328 quo
1408 4255 1521 4316 habita
1542 4257 1607 4315 erat

419 4455 440 4517 ¹)
458 4460 514 4507 vid.
541 4462 790 4521 e.g.'l¹huo.11,4
816 4461 863 4510 ubi
889 4467 973 4517 σκότος
995 4468 1140 4510 nocturnus
1164 4463 1311 4522 explicatur
1331 4462 1381 4508 hoc
1398 4462 1491 4509 modo:
1510 4464 1548 4509 κοιλ
1564 4461 1604 4522 γὰρ

356 4585 360 4590 ι
384 4555 534 4605 τελευτῶντος
547 4560 589 4598 τοῦ
606 4554 678 4612 μηνὸς
695 4555 724 4599 τὰ
741 4557 868 4612 γιγνόμενα
886 4551 920 4614 ἦν.

384 4685 388 4689 .
418 4637 488 4705 pe.
507 4643 537 4691 e.
555 4643 591 4700 11,
610 4645 668 4705 eso,
686 4645 709 4691 a.

417 4729 438 4791 ³)
455 4734 494 4780 De
511 4733 607 4781 Herod.
626 4735 686 4782 mal.
706 4736 746 4783 ld.
