<?xml version="1.0" encoding="UTF-8"?>
<!DOCTYPE html PUBLIC "-//W3C//DTD XHTML 1.0 Transitional//EN"
    "http://www.w3.org/TR/xhtml1/DTD/xhtml1-transitional.dtd">
<html xmlns="http://www.w3.org/1999/xhtml" xml:lang="en" lang="en">
 <head>
  <title>
</title>
<meta http-equiv="Content-Type" content="text/html;charset=utf-8" />
  <meta name='ocr-system' content='tesseract 3.04.00' />
  <meta name='ocr-capabilities' content='ocr_page ocr_carea ocr_par ocr_line ocrx_word'/>
</head>
<body>
  <div class='ocr_page' id='page_1' title='image "./deajacisorigine00vgoog_0097.png"; bbox 0 0 3525 5692; ppageno 0'>
   <div class='ocr_carea' id='block_1_1' title="bbox 685 709 1381 774">
    <p class='ocr_par' dir='ltr' id='par_1_1' title="bbox 685 709 1381 774">
     <span class='ocr_line' id='line_1_1' title="bbox 685 709 1381 774; baseline -0.001 -1"><span class='ocrx_word' id='word_1_1' title='bbox 685 729 726 773; x_wconf 83' lang='lat' dir='ltr'><strong>nr</strong></span> <span class='ocrx_word' id='word_1_2' title='bbox 749 724 860 774; x_wconf 70' lang='lat' dir='ltr'><strong>arnor.</strong></span> <span class='ocrx_word' id='word_1_3' title='bbox 1340 709 1381 772; x_wconf 83' lang='grc'><strong>87</strong></span> 
     </span>
    </p>
   </div>
   <div class='ocr_carea' id='block_1_2' title="bbox 146 898 1476 4841">
    <p class='ocr_par' dir='ltr' id='par_1_2' title="bbox 146 898 1476 1887">
     <span class='ocr_line' id='line_1_2' title="bbox 153 898 1385 976; baseline -0.001 -16"><span class='ocrx_word' id='word_1_4' title='bbox 153 902 187 960; x_wconf 94' lang='lat' dir='ltr'><strong>in</strong></span> <span class='ocrx_word' id='word_1_5' title='bbox 213 899 329 976; x_wconf 85' lang='lat' dir='ltr'><strong>clypeo</strong></span> <span class='ocrx_word' id='word_1_6' title='bbox 351 900 449 974; x_wconf 86' lang='lat' dir='ltr'><strong>gerit,</strong></span> <span class='ocrx_word' id='word_1_7' title='bbox 474 900 608 960; x_wconf 89' lang='lat' dir='ltr'><strong>indicat.</strong></span> <span class='ocrx_word' id='word_1_8' title='bbox 633 899 700 960; x_wconf 86' lang='lat' dir='ltr'><strong>Nec</strong></span> <span class='ocrx_word' id='word_1_9' title='bbox 719 900 842 960; x_wconf 89' lang='lat' dir='ltr'><strong>iniuria</strong></span> <span class='ocrx_word' id='word_1_10' title='bbox 861 898 926 960; x_wconf 87' lang='lat' dir='ltr'><strong>buc</strong></span> <span class='ocrx_word' id='word_1_11' title='bbox 944 898 1113 976; x_wconf 85' lang='lat' dir='ltr'><strong>attuleris,</strong></span> <span class='ocrx_word' id='word_1_12' title='bbox 1134 913 1218 972; x_wconf 88' lang='lat' dir='ltr'><strong>quae</strong></span> <span class='ocrx_word' id='word_1_13' title='bbox 1238 899 1385 960; x_wconf 86' lang='lat' dir='ltr'><strong>minatus</strong></span> 
     </span>
     <span class='ocr_line' id='line_1_3' title="bbox 154 1006 1382 1092; baseline -0.001 -17"><span class='ocrx_word' id='word_1_14' title='bbox 154 1016 207 1074; x_wconf 76' lang='lat' dir='ltr'><strong>est</strong></span> <span class='ocrx_word' id='word_1_15' title='bbox 233 1013 320 1075; x_wconf 83' lang='lat' dir='ltr'>Aiax</span> <span class='ocrx_word' id='word_1_16' title='bbox 346 1010 528 1092; x_wconf 63' lang='grc' dir='ltr'><strong><em>,Πέργαμον</em></strong></span> <span class='ocrx_word' id='word_1_17' title='bbox 551 1006 612 1071; x_wconf 84' lang='grc' dir='ltr'><strong><em>κατ’</em></strong></span> <span class='ocrx_word' id='word_1_18' title='bbox 638 1009 737 1091; x_wconf 79' lang='grc' dir='ltr'><strong><em>ἄκραν</em></strong></span> <span class='ocrx_word' id='word_1_19' title='bbox 760 1011 928 1090; x_wconf 82' lang='grc' dir='ltr'><strong><em>αῖρήσιιυ”.</em></strong></span> <span class='ocrx_word' id='word_1_20' title='bbox 951 1012 1155 1074; x_wconf 79' lang='lat' dir='ltr'><strong>offendimus</strong></span> <span class='ocrx_word' id='word_1_21' title='bbox 1178 1013 1281 1074; x_wconf 75' lang='lat' dir='ltr'><strong>etiam</strong></span> <span class='ocrx_word' id='word_1_22' title='bbox 1305 1012 1382 1074; x_wconf 82' lang='lat' dir='ltr'><strong>Her·</strong></span> 
     </span>
     <span class='ocr_line' id='line_1_4' title="bbox 154 1114 1476 1202; baseline -0.002 -14"><span class='ocrx_word' id='word_1_23' title='bbox 154 1128 264 1188; x_wconf 93' lang='lat' dir='ltr'><strong>culem</strong></span> <span class='ocrx_word' id='word_1_24' title='bbox 288 1127 493 1202; x_wconf 81' lang='lat' dir='ltr'><strong>Scapaneum</strong></span> <span class='ocrx_word' id='word_1_25' title='bbox 517 1127 681 1200; x_wconf 88' lang='lat' dir='ltr'><strong>quendam</strong></span> <span class='ocrx_word' id='word_1_26' title='bbox 705 1126 791 1201; x_wconf 93' lang='lat' dir='ltr'><strong>apud</strong></span> <span class='ocrx_word' id='word_1_27' title='bbox 815 1126 975 1200; x_wconf 89' lang='lat' dir='ltr'><strong>Lycophr.</strong></span> <span class='ocrx_word' id='word_1_28' title='bbox 999 1125 1094 1187; x_wconf 80' lang='lat' dir='ltr'><strong>Alex.</strong></span> <span class='ocrx_word' id='word_1_29' title='bbox 1119 1127 1202 1187; x_wconf 77' lang='lat'><strong>652:</strong></span> <span class='ocrx_word' id='word_1_30' title='bbox 1425 1114 1476 1164; x_wconf 61' lang='lat' dir='ltr'><strong>is</strong></span> 
     </span>
     <span class='ocr_line' id='line_1_5' title="bbox 444 1237 1136 1320; baseline -0.001 -21"><span class='ocrx_word' id='word_1_31' title='bbox 444 1248 497 1300; x_wconf 80' lang='grc' dir='ltr'><strong>τοῦ</strong></span> <span class='ocrx_word' id='word_1_32' title='bbox 521 1238 747 1320; x_wconf 77' lang='grc' dir='ltr'><strong><em>σιερφοπέπλου</em></strong></span> <span class='ocrx_word' id='word_1_33' title='bbox 771 1237 959 1311; x_wconf 77' lang='grc' dir='ltr'><strong><em>Σκαπανέως</em></strong></span> <span class='ocrx_word' id='word_1_34' title='bbox 983 1238 1136 1318; x_wconf 71' lang='lat' dir='ltr'><strong>daupida,</strong></span> 
     </span>
     <span class='ocr_line' id='line_1_6' title="bbox 149 1351 1379 1433; baseline 0.001 -19"><span class='ocrx_word' id='word_1_35' title='bbox 149 1354 204 1415; x_wconf 88' lang='lat' dir='ltr'><strong>ubi</strong></span> <span class='ocrx_word' id='word_1_36' title='bbox 224 1354 424 1415; x_wconf 77' lang='lat' dir='ltr'><strong>scholiasta:</strong></span> <span class='ocrx_word' id='word_1_37' title='bbox 447 1353 656 1431; x_wconf 51' lang='lat' dir='ltr'><strong>„exameta</strong></span> <span class='ocrx_word' id='word_1_38' title='bbox 674 1352 719 1414; x_wconf 77' lang='grc' dir='ltr'><strong>ὅτι</strong></span> <span class='ocrx_word' id='word_1_39' title='bbox 739 1351 884 1430; x_wconf 77' lang='grc' dir='ltr'><strong><em>διέσκαψε</em></strong></span> <span class='ocrx_word' id='word_1_40' title='bbox 897 1351 948 1425; x_wconf 79' lang='grc' dir='ltr'><strong>τὰς</strong></span> <span class='ocrx_word' id='word_1_41' title='bbox 961 1352 1094 1433; x_wconf 82' lang='grc' dir='ltr'><strong><em>κόπρους</em></strong></span> <span class='ocrx_word' id='word_1_42' title='bbox 1106 1361 1165 1413; x_wconf 80' lang='grc' dir='ltr'><strong>τῶν</strong></span> <span class='ocrx_word' id='word_1_43' title='bbox 1177 1360 1230 1413; x_wconf 84' lang='grc' dir='ltr'><strong>τοῦ</strong></span> <span class='ocrx_word' id='word_1_44' title='bbox 1246 1351 1379 1432; x_wconf 80' lang='grc' dir='ltr'><strong><em>Αὐγείου</em></strong></span> 
     </span>
     <span class='ocr_line' id='line_1_7' title="bbox 149 1466 1380 1546; baseline 0 -19"><span class='ocrx_word' id='word_1_45' title='bbox 149 1468 264 1546; x_wconf 78' lang='grc' dir='ltr'><strong><em>βοῶν”.</em></strong></span> <span class='ocrx_word' id='word_1_46' title='bbox 282 1468 358 1529; x_wconf 91' lang='lat' dir='ltr'><strong>Iure</strong></span> <span class='ocrx_word' id='word_1_47' title='bbox 385 1471 506 1529; x_wconf 89' lang='lat' dir='ltr'><strong>autem·</strong></span> <span class='ocrx_word' id='word_1_48' title='bbox 524 1469 652 1529; x_wconf 91' lang='lat' dir='ltr'><strong>monuit</strong></span> <span class='ocrx_word' id='word_1_49' title='bbox 672 1467 865 1543; x_wconf 85' lang='lat' dir='ltr'><strong>Holzinger:</strong></span> <span class='ocrx_word' id='word_1_50' title='bbox 890 1470 970 1544; x_wconf 79' lang='lat' dir='ltr'><strong>„den</strong></span> <span class='ocrx_word' id='word_1_51' title='bbox 991 1468 1171 1529; x_wconf 91' lang='lat' dir='ltr'><strong>Beinamen</strong></span> <span class='ocrx_word' id='word_1_52' title='bbox 1191 1466 1380 1542; x_wconf 82' lang='lat' dir='ltr'><strong>Scapaneus</strong></span> 
     </span>
     <span class='ocr_line' id='line_1_8' title="bbox 148 1579 1465 1654; baseline -0.003 -13"><span class='ocrx_word' id='word_1_53' title='bbox 148 1582 274 1642; x_wconf 85' lang='lat' dir='ltr'><strong>konnte</strong></span> <span class='ocrx_word' id='word_1_54' title='bbox 305 1595 383 1642; x_wconf 88' lang='lat' dir='ltr'><strong>man</strong></span> <span class='ocrx_word' id='word_1_55' title='bbox 411 1580 579 1641; x_wconf 88' lang='lat' dir='ltr'><strong>vielleicht</strong></span> <span class='ocrx_word' id='word_1_56' title='bbox 602 1581 665 1640; x_wconf 92' lang='lat' dir='ltr'><strong>mit</strong></span> <span class='ocrx_word' id='word_1_57' title='bbox 686 1579 855 1642; x_wconf 86' lang='lat' dir='ltr'><strong>besserem</strong></span> <span class='ocrx_word' id='word_1_58' title='bbox 879 1581 1004 1641; x_wconf 88' lang='lat' dir='ltr'><strong>Rechte</strong></span> <span class='ocrx_word' id='word_1_59' title='bbox 1027 1580 1085 1640; x_wconf 88' lang='lat' dir='ltr'><strong>aui</strong></span> <span class='ocrx_word' id='word_1_60' title='bbox 1105 1580 1156 1640; x_wconf 91' lang='lat' dir='ltr'><strong>die</strong></span> <span class='ocrx_word' id='word_1_61' title='bbox 1180 1579 1380 1654; x_wconf 86' lang='lat' dir='ltr'><strong>Zerstorung</strong></span> <span class='ocrx_word' id='word_1_62' title='bbox 1415 1592 1465 1637; x_wconf 58' lang='lat' dir='ltr'><strong>„s</strong></span> 
     </span>
     <span class='ocr_line' id='line_1_9' title="bbox 147 1691 1379 1772; baseline -0.003 -18"><span class='ocrx_word' id='word_1_63' title='bbox 147 1694 274 1768; x_wconf 77' lang='lat' dir='ltr'><strong>rroja’s</strong></span> <span class='ocrx_word' id='word_1_64' title='bbox 294 1693 464 1770; x_wconf 87' lang='lat' dir='ltr'><strong>bezieben,</strong></span> <span class='ocrx_word' id='word_1_65' title='bbox 486 1710 524 1755; x_wconf 88' lang='lat' dir='ltr'><strong>so</strong></span> <span class='ocrx_word' id='word_1_66' title='bbox 543 1694 621 1755; x_wconf 85' lang='lat' dir='ltr'><strong>dass</strong></span> <span class='ocrx_word' id='word_1_67' title='bbox 640 1693 840 1770; x_wconf 84' lang='lat' dir='ltr'><strong>Lykopirron</strong></span> <span class='ocrx_word' id='word_1_68' title='bbox 859 1694 924 1754; x_wconf 93' lang='lat' dir='ltr'><strong>mit</strong></span> <span class='ocrx_word' id='word_1_69' title='bbox 942 1709 991 1754; x_wconf 86' lang='lat' dir='ltr'><strong>vs.</strong></span> <span class='ocrx_word' id='word_1_70' title='bbox 1015 1693 1117 1754; x_wconf 80' lang='lat' dir='ltr'><strong>iaia:</strong></span> <span class='ocrx_word' id='word_1_71' title='bbox 1138 1691 1265 1772; x_wconf 76' lang='grc' dir='ltr'><strong><em>λίσιροις</em></strong></span> <span class='ocrx_word' id='word_1_72' title='bbox 1285 1691 1379 1752; x_wconf 77' lang='grc' dir='ltr'><strong><em>αἰπὺν</em></strong></span> 
     </span>
     <span class='ocr_line' id='line_1_10' title="bbox 146 1805 1378 1887; baseline -0.001 -20"><span class='ocrx_word' id='word_1_73' title='bbox 146 1805 273 1886; x_wconf 73' lang='grc' dir='ltr'><strong><em>ἤρειψεν</em></strong></span> <span class='ocrx_word' id='word_1_74' title='bbox 291 1807 400 1887; x_wconf 79' lang='grc' dir='ltr'><strong><em>πάγον,</em></strong></span> <span class='ocrx_word' id='word_1_75' title='bbox 422 1806 526 1867; x_wconf 83' lang='lat' dir='ltr'><strong>solbet</strong></span> <span class='ocrx_word' id='word_1_76' title='bbox 545 1807 597 1868; x_wconf 90' lang='lat' dir='ltr'><strong>die</strong></span> <span class='ocrx_word' id='word_1_77' title='bbox 616 1806 799 1882; x_wconf 80' lang='lat' dir='ltr'><strong>itrkiarung</strong></span> <span class='ocrx_word' id='word_1_78' title='bbox 818 1806 876 1867; x_wconf 91' lang='lat' dir='ltr'><strong>des</strong></span> <span class='ocrx_word' id='word_1_79' title='bbox 897 1806 1093 1881; x_wconf 81' lang='lat' dir='ltr'><strong>Epithetone</strong></span> <span class='ocrx_word' id='word_1_80' title='bbox 1105 1805 1220 1866; x_wconf 85' lang='lat' dir='ltr'><strong>lieiern</strong></span> <span class='ocrx_word' id='word_1_81' title='bbox 1232 1806 1378 1866; x_wconf 86' lang='lat' dir='ltr'><strong>wiirde.’&#39;</strong></span> 
     </span>
    </p>

    <p class='ocr_par' dir='ltr' id='par_1_3' title="bbox 147 1898 1447 2209">
     <span class='ocr_line' id='line_1_11' title="bbox 192 1898 1378 1997; baseline -0.001 -16"><span class='ocrx_word' id='word_1_82' title='bbox 192 1922 310 1997; x_wconf 81' lang='lat' dir='ltr'><strong>Agitur</strong></span> <span class='ocrx_word' id='word_1_83' title='bbox 352 1923 390 1983; x_wconf 91' lang='lat' dir='ltr'><strong>de</strong></span> <span class='ocrx_word' id='word_1_84' title='bbox 432 1921 574 1982; x_wconf 84' lang='lat' dir='ltr'><strong>Hercule</strong></span> <span class='ocrx_word' id='word_1_85' title='bbox 609 1921 725 1994; x_wconf 76' lang='lat' dir='ltr'><strong>Troiae</strong></span> <span class='ocrx_word' id='word_1_86' title='bbox 759 1898 977 1982; x_wconf 81' lang='lat' dir='ltr'><strong>fundamenta</strong></span> <span class='ocrx_word' id='word_1_87' title='bbox 1010 1920 1225 1993; x_wconf 83' lang='lat' dir='ltr'><strong>suffodiente;</strong></span> <span class='ocrx_word' id='word_1_88' title='bbox 1266 1920 1378 1994; x_wconf 91' lang='lat' dir='ltr'><strong>quidni</strong></span> 
     </span>
     <span class='ocr_line' id='line_1_12' title="bbox 147 2033 1447 2109; baseline -0.002 -13"><span class='ocrx_word' id='word_1_89' title='bbox 147 2037 260 2096; x_wconf 89' lang='lat' dir='ltr'><strong>autem</strong></span> <span class='ocrx_word' id='word_1_90' title='bbox 290 2036 377 2095; x_wconf 90' lang='lat' dir='ltr'><strong>idem</strong></span> <span class='ocrx_word' id='word_1_91' title='bbox 409 2035 448 2095; x_wconf 91' lang='lat' dir='ltr'><strong>de</strong></span> <span class='ocrx_word' id='word_1_92' title='bbox 477 2034 577 2095; x_wconf 81' lang='lat' dir='ltr'><strong>Aiace</strong></span> <span class='ocrx_word' id='word_1_93' title='bbox 612 2035 676 2095; x_wconf 89' lang='lat' dir='ltr'><strong>dici</strong></span> <span class='ocrx_word' id='word_1_94' title='bbox 711 2035 830 2109; x_wconf 82' lang='lat' dir='ltr'><strong>possit,</strong></span> <span class='ocrx_word' id='word_1_95' title='bbox 864 2037 900 2094; x_wconf 90' lang='lat' dir='ltr'><strong>ut</strong></span> <span class='ocrx_word' id='word_1_96' title='bbox 932 2036 965 2094; x_wconf 90' lang='lat' dir='ltr'><strong>et</strong></span> <span class='ocrx_word' id='word_1_97' title='bbox 995 2034 1048 2094; x_wconf 91' lang='lat' dir='ltr'><strong>hic</strong></span> <span class='ocrx_word' id='word_1_98' title='bbox 1075 2047 1196 2094; x_wconf 92' lang='lat' dir='ltr'><strong>nomen</strong></span> <span class='ocrx_word' id='word_1_99' title='bbox 1220 2033 1378 2107; x_wconf 82' lang='lat' dir='ltr'><strong>Scepanei</strong></span> <span class='ocrx_word' id='word_1_100' title='bbox 1407 2049 1447 2094; x_wconf 62' lang='lat' dir='ltr'><strong>rs</strong></span> 
     </span>
     <span class='ocr_line' id='line_1_13' title="bbox 152 2135 469 2209; baseline -0.006 0"><span class='ocrx_word' id='word_1_101' title='bbox 152 2148 271 2209; x_wconf 89' lang='lat' dir='ltr'><strong>mereri</strong></span> <span class='ocrx_word' id='word_1_102' title='bbox 295 2135 469 2208; x_wconf 78' lang='lat' dir='ltr'><strong>rideatur?</strong></span> 
     </span>
    </p>

    <p class='ocr_par' dir='ltr' id='par_1_4' title="bbox 149 2258 1377 2436">
     <span class='ocr_line' id='line_1_14' title="bbox 194 2258 1377 2336; baseline -0.003 -14"><span class='ocrx_word' id='word_1_103' title='bbox 194 2261 290 2322; x_wconf 88' lang='lat' dir='ltr'><strong>Unde</strong></span> <span class='ocrx_word' id='word_1_104' title='bbox 313 2262 418 2322; x_wconf 92' lang='lat' dir='ltr'><strong>denuo</strong></span> <span class='ocrx_word' id='word_1_105' title='bbox 442 2262 577 2336; x_wconf 85' lang='lat' dir='ltr'><strong>apparet</strong></span> <span class='ocrx_word' id='word_1_106' title='bbox 601 2263 725 2334; x_wconf 88' lang='lat' dir='ltr'><strong>quanta</strong></span> <span class='ocrx_word' id='word_1_107' title='bbox 746 2260 930 2322; x_wconf 86' lang='lat' dir='ltr'><strong>similitudo</strong></span> <span class='ocrx_word' id='word_1_108' title='bbox 954 2261 1040 2321; x_wconf 88' lang='lat' dir='ltr'><strong>inter</strong></span> <span class='ocrx_word' id='word_1_109' title='bbox 1059 2258 1248 2335; x_wconf 78' lang='lat' dir='ltr'><strong>Capaneum</strong></span> <span class='ocrx_word' id='word_1_110' title='bbox 1268 2260 1377 2335; x_wconf 86' lang='lat' dir='ltr'><strong>gigan-</strong></span> 
     </span>
     <span class='ocr_line' id='line_1_15' title="bbox 149 2375 652 2436; baseline 0 -1"><span class='ocrx_word' id='word_1_111' title='bbox 149 2377 218 2435; x_wconf 91' lang='lat' dir='ltr'><strong>tem</strong></span> <span class='ocrx_word' id='word_1_112' title='bbox 243 2378 277 2435; x_wconf 91' lang='lat' dir='ltr'><strong>et</strong></span> <span class='ocrx_word' id='word_1_113' title='bbox 303 2376 437 2436; x_wconf 79' lang='lat' dir='ltr'><strong>Aiacem</strong></span> <span class='ocrx_word' id='word_1_114' title='bbox 461 2375 652 2436; x_wconf 80' lang='lat' dir='ltr'><strong>intercedat.</strong></span> 
     </span>
    </p>

    <p class='ocr_par' dir='ltr' id='par_1_5' title="bbox 147 2486 1379 2680">
     <span class='ocr_line' id='line_1_16' title="bbox 193 2486 1379 2575; baseline 0 -27"><span class='ocrx_word' id='word_1_115' title='bbox 193 2490 327 2549; x_wconf 81' lang='lat' dir='ltr'><strong>Praeter</strong></span> <span class='ocrx_word' id='word_1_116' title='bbox 345 2486 400 2565; x_wconf 76' lang='grc' dir='ltr'><strong>τὴν</strong></span> <span class='ocrx_word' id='word_1_117' title='bbox 419 2487 520 2567; x_wconf 71' lang='grc' dir='ltr'><strong><em>ὕβριν,</em></strong></span> <span class='ocrx_word' id='word_1_118' title='bbox 545 2504 629 2562; x_wconf 86' lang='lat' dir='ltr'><strong>quae</strong></span> <span class='ocrx_word' id='word_1_119' title='bbox 652 2488 845 2564; x_wconf 78' lang='lat' dir='ltr'><strong>gigantibus</strong></span> <span class='ocrx_word' id='word_1_120' title='bbox 867 2491 920 2549; x_wconf 90' lang='lat' dir='ltr'><strong>est</strong></span> <span class='ocrx_word' id='word_1_121' title='bbox 943 2488 1087 2564; x_wconf 89' lang='lat' dir='ltr'><strong>propria,</strong></span> <span class='ocrx_word' id='word_1_122' title='bbox 1110 2487 1379 2575; x_wconf 82' lang='lat' dir='ltr'><strong>aliaquoqueree</strong></span> 
     </span>
     <span class='ocr_line' id='line_1_17' title="bbox 147 2596 902 2680; baseline -0.001 -17"><span class='ocrx_word' id='word_1_123' title='bbox 147 2604 180 2663; x_wconf 92' lang='lat' dir='ltr'><strong>iu</strong></span> <span class='ocrx_word' id='word_1_124' title='bbox 202 2602 250 2662; x_wconf 90' lang='lat' dir='ltr'><strong>eis</strong></span> <span class='ocrx_word' id='word_1_125' title='bbox 273 2601 419 2662; x_wconf 91' lang='lat' dir='ltr'><strong>notanda</strong></span> <span class='ocrx_word' id='word_1_126' title='bbox 439 2603 506 2678; x_wconf 89' lang='lat' dir='ltr'><strong>est,</strong></span> <span class='ocrx_word' id='word_1_127' title='bbox 531 2617 651 2678; x_wconf 85' lang='lat' dir='ltr'><strong>nempe</strong></span> <span class='ocrx_word' id='word_1_128' title='bbox 673 2596 692 2678; x_wconf 72' lang='grc' dir='ltr'>ἡ</span> <span class='ocrx_word' id='word_1_129' title='bbox 717 2601 902 2680; x_wconf 66' lang='lat' dir='ltr'><strong>propiorem.</strong></span> 
     </span>
    </p>

    <p class='ocr_par' dir='ltr' id='par_1_6' title="bbox 191 2715 1252 2778">
     <span class='ocr_line' id='line_1_18' title="bbox 191 2715 1252 2778; baseline 0.002 -3"><span class='ocrx_word' id='word_1_130' title='bbox 191 2715 393 2776; x_wconf 83' lang='lat' dir='ltr'><strong>Praesertim</strong></span> <span class='ocrx_word' id='word_1_131' title='bbox 416 2720 449 2776; x_wconf 92' lang='lat' dir='ltr'><strong>in</strong></span> <span class='ocrx_word' id='word_1_132' title='bbox 474 2715 554 2777; x_wconf 87' lang='lat' dir='ltr'><strong>deae</strong></span> <span class='ocrx_word' id='word_1_133' title='bbox 576 2716 745 2778; x_wconf 88' lang='lat' dir='ltr'><strong>libidinem</strong></span> <span class='ocrx_word' id='word_1_134' title='bbox 773 2731 870 2778; x_wconf 86' lang='lat' dir='ltr'><strong>suam</strong></span> <span class='ocrx_word' id='word_1_135' title='bbox 894 2731 1049 2778; x_wconf 87' lang='lat' dir='ltr'><strong>exercere</strong></span> <span class='ocrx_word' id='word_1_136' title='bbox 1072 2718 1252 2777; x_wconf 88' lang='lat' dir='ltr'><strong>conantur:</strong></span> 
     </span>
    </p>

    <p class='ocr_par' dir='ltr' id='par_1_7' title="bbox 148 2828 1233 3359">
     <span class='ocr_line' id='line_1_19' title="bbox 483 2828 1096 2907; baseline 0.003 -20"><span class='ocrx_word' id='word_1_137' title='bbox 483 2828 532 2888; x_wconf 92' lang='grc'><strong>1111</strong></span> <span class='ocrx_word' id='word_1_138' title='bbox 556 2829 733 2904; x_wconf 82' lang='lat' dir='ltr'><strong>aggeribus</strong></span> <span class='ocrx_word' id='word_1_139' title='bbox 756 2832 922 2906; x_wconf 88' lang='lat' dir='ltr'><strong>temptare</strong></span> <span class='ocrx_word' id='word_1_140' title='bbox 945 2829 1096 2907; x_wconf 89' lang='lat' dir='ltr'><strong>superbis</strong></span> 
     </span>
     <span class='ocr_line' id='line_1_20' title="bbox 328 2943 1233 3018; baseline 0.002 -16"><span class='ocrx_word' id='word_1_141' title='bbox 328 2943 464 3003; x_wconf 87' lang='lat' dir='ltr'><strong>aethera</strong></span> <span class='ocrx_word' id='word_1_142' title='bbox 487 2945 521 3003; x_wconf 88' lang='lat' dir='ltr'><strong>et</strong></span> <span class='ocrx_word' id='word_1_143' title='bbox 544 2943 603 3003; x_wconf 89' lang='lat' dir='ltr'><strong>ahl</strong></span> <span class='ocrx_word' id='word_1_144' title='bbox 629 2944 756 3004; x_wconf 89' lang='lat' dir='ltr'><strong>matres</strong></span> <span class='ocrx_word' id='word_1_145' title='bbox 778 2945 851 3004; x_wconf 87' lang='lat' dir='ltr'><strong>ausi</strong></span> <span class='ocrx_word' id='word_1_146' title='bbox 875 2946 1057 3005; x_wconf 89' lang='lat' dir='ltr'><strong>attrectare</strong></span> <span class='ocrx_word' id='word_1_147' title='bbox 1080 2945 1233 3018; x_wconf 90' lang='lat' dir='ltr'><strong>deorum;</strong></span> 
     </span>
     <span class='ocr_line' id='line_1_21' title="bbox 148 3055 1012 3131; baseline 0 -14"><span class='ocrx_word' id='word_1_148' title='bbox 148 3057 201 3117; x_wconf 90' lang='lat' dir='ltr'><strong>vel</strong></span> <span class='ocrx_word' id='word_1_149' title='bbox 226 3058 263 3116; x_wconf 92' lang='lat' dir='ltr'><strong>ut</strong></span> <span class='ocrx_word' id='word_1_150' title='bbox 286 3056 477 3118; x_wconf 77' lang='lat' dir='ltr'><strong>Claudianis</strong></span> <span class='ocrx_word' id='word_1_151' title='bbox 500 3056 675 3117; x_wconf 90' lang='lat' dir='ltr'><strong>laudemus</strong></span> <span class='ocrx_word' id='word_1_152' title='bbox 699 3055 841 3131; x_wconf 74' lang='lat' dir='ltr'><strong>(digent.</strong></span> <span class='ocrx_word' id='word_1_153' title='bbox 866 3058 910 3116; x_wconf 81' lang='lat'><strong>40</strong></span> <span class='ocrx_word' id='word_1_154' title='bbox 934 3061 1012 3130; x_wconf 69' lang='lat' dir='ltr'><strong>aql:</strong></span> 
     </span>
     <span class='ocr_line' id='line_1_22' title="bbox 326 3169 1183 3246; baseline 0.002 -17"><span class='ocrx_word' id='word_1_155' title='bbox 326 3170 379 3231; x_wconf 90' lang='lat' dir='ltr'><strong>hic</strong></span> <span class='ocrx_word' id='word_1_156' title='bbox 401 3170 463 3231; x_wconf 86' lang='lat' dir='ltr'><strong>sibi</strong></span> <span class='ocrx_word' id='word_1_157' title='bbox 486 3170 653 3245; x_wconf 91' lang='lat' dir='ltr'><strong>promittit</strong></span> <span class='ocrx_word' id='word_1_158' title='bbox 676 3169 838 3231; x_wconf 89' lang='lat' dir='ltr'><strong>Venerem</strong></span> <span class='ocrx_word' id='word_1_159' title='bbox 860 3173 1036 3246; x_wconf 82' lang='lat' dir='ltr'><strong>speratque</strong></span> <span class='ocrx_word' id='word_1_160' title='bbox 1059 3170 1183 3231; x_wconf 87' lang='lat' dir='ltr'><strong>Dianae</strong></span> 
     </span>
     <span class='ocr_line' id='line_1_23' title="bbox 328 3283 1168 3359; baseline 0.001 -15"><span class='ocrx_word' id='word_1_161' title='bbox 328 3283 515 3359; x_wconf 90' lang='lat' dir='ltr'><strong>coniugium</strong></span> <span class='ocrx_word' id='word_1_162' title='bbox 537 3287 717 3358; x_wconf 77' lang='grc' dir='ltr'><strong><em>οοαοικοαο</em></strong></span> <span class='ocrx_word' id='word_1_163' title='bbox 739 3284 822 3358; x_wconf 79' lang='lat' dir='ltr'><strong>cupit</strong></span> <span class='ocrx_word' id='word_1_164' title='bbox 844 3284 959 3345; x_wconf 78' lang='grc' dir='ltr'><strong><em>οιόῑακο</em></strong></span> <span class='ocrx_word' id='word_1_165' title='bbox 982 3283 1168 3345; x_wconf 79' lang='lat' dir='ltr'><strong>Mineruam.</strong></span> 
     </span>
    </p>

    <p class='ocr_par' dir='ltr' id='par_1_8' title="bbox 146 3397 1376 4157">
     <span class='ocr_line' id='line_1_24' title="bbox 194 3397 1373 3477; baseline 0.003 -21"><span class='ocrx_word' id='word_1_166' title='bbox 194 3397 309 3458; x_wconf 85' lang='lat' dir='ltr'><strong>Nonne</strong></span> <span class='ocrx_word' id='word_1_167' title='bbox 342 3397 423 3458; x_wconf 89' lang='lat' dir='ltr'><strong>haec</strong></span> <span class='ocrx_word' id='word_1_168' title='bbox 457 3397 621 3472; x_wconf 88' lang='lat' dir='ltr'><strong>quadrant</strong></span> <span class='ocrx_word' id='word_1_169' title='bbox 654 3399 688 3457; x_wconf 95' lang='lat' dir='ltr'><strong>in</strong></span> <span class='ocrx_word' id='word_1_170' title='bbox 722 3398 874 3477; x_wconf 77' lang='lat' dir='ltr'><strong>Aiacem,</strong></span> <span class='ocrx_word' id='word_1_171' title='bbox 911 3411 1019 3458; x_wconf 91' lang='lat' dir='ltr'><strong>nonne</strong></span> <span class='ocrx_word' id='word_1_172' title='bbox 1049 3398 1082 3456; x_wconf 92' lang='lat' dir='ltr'><strong>in</strong></span> <span class='ocrx_word' id='word_1_173' title='bbox 1115 3413 1153 3458; x_wconf 90' lang='lat' dir='ltr'><strong>eo</strong></span> <span class='ocrx_word' id='word_1_174' title='bbox 1183 3412 1311 3473; x_wconf 90' lang='lat' dir='ltr'><strong>quoque</strong></span> <span class='ocrx_word' id='word_1_175' title='bbox 1334 3399 1373 3459; x_wconf 88' lang='lat' dir='ltr'><strong>ab</strong></span> 
     </span>
     <span class='ocr_line' id='line_1_25' title="bbox 148 3483 1375 3586; baseline 0.002 -14"><span class='ocrx_word' id='word_1_176' title='bbox 148 3509 250 3586; x_wconf 85' lang='lat' dir='ltr'><strong>epicis</strong></span> <span class='ocrx_word' id='word_1_177' title='bbox 283 3509 390 3586; x_wconf 86' lang='lat' dir='ltr'><strong>poetis</strong></span> <span class='ocrx_word' id='word_1_178' title='bbox 423 3511 630 3585; x_wconf 87' lang='lat' dir='ltr'><strong>vituperatur</strong></span> <span class='ocrx_word' id='word_1_179' title='bbox 663 3511 788 3572; x_wconf 85' lang='lat' dir='ltr'><strong>libido?</strong></span> <span class='ocrx_word' id='word_1_180' title='bbox 818 3483 1021 3572; x_wconf 67' lang='lat' dir='ltr'><strong>attrectavit</strong></span> <span class='ocrx_word' id='word_1_181' title='bbox 1050 3512 1178 3570; x_wconf 86' lang='lat' dir='ltr'><strong>castam</strong></span> <span class='ocrx_word' id='word_1_182' title='bbox 1209 3511 1375 3573; x_wconf 85' lang='lat' dir='ltr'><strong>Minervae</strong></span> 
     </span>
     <span class='ocr_line' id='line_1_26' title="bbox 147 3618 1374 3704; baseline 0.002 -21"><span class='ocrx_word' id='word_1_183' title='bbox 147 3622 331 3699; x_wconf 86' lang='lat' dir='ltr'><strong>supplicem</strong></span> <span class='ocrx_word' id='word_1_184' title='bbox 360 3620 599 3684; x_wconf 79' lang='lat' dir='ltr'><strong>Cassandram:</strong></span> <span class='ocrx_word' id='word_1_185' title='bbox 635 3625 861 3704; x_wconf 72' lang='grc' dir='ltr'><strong><em>,Κασσάνδραν</em></strong></span> <span class='ocrx_word' id='word_1_186' title='bbox 892 3620 924 3684; x_wconf 77' lang='grc' dir='ltr'><strong>δὲ</strong></span> <span class='ocrx_word' id='word_1_187' title='bbox 948 3623 1026 3695; x_wconf 79' lang='grc' dir='ltr'><strong>Αἴας</strong></span> <span class='ocrx_word' id='word_1_188' title='bbox 1050 3620 1065 3684; x_wconf 81' lang='grc' dir='ltr'><strong>ὁ</strong></span> <span class='ocrx_word' id='word_1_189' title='bbox 1085 3618 1181 3696; x_wconf 74' lang='grc' dir='ltr'><strong><em>Ἰλέως</em></strong></span> <span class='ocrx_word' id='word_1_190' title='bbox 1205 3627 1275 3696; x_wconf 83' lang='lat' dir='ltr'><strong>(eie)</strong></span> <span class='ocrx_word' id='word_1_191' title='bbox 1298 3624 1374 3704; x_wconf 83' lang='grc' dir='ltr'><strong><em>πρὸς</em></strong></span> 
     </span>
     <span class='ocr_line' id='line_1_27' title="bbox 146 3733 1376 3818; baseline 0.003 -23"><span class='ocrx_word' id='word_1_192' title='bbox 146 3735 219 3814; x_wconf 80' lang='grc' dir='ltr'><strong><em>βίον</em></strong></span> <span class='ocrx_word' id='word_1_193' title='bbox 242 3733 389 3797; x_wconf 76' lang='grc' dir='ltr'><strong><em>ἀποσπῶν</em></strong></span> <span class='ocrx_word' id='word_1_194' title='bbox 411 3735 623 3814; x_wconf 68' lang='grc' dir='ltr'><strong><em>συνεφέλκεται</em></strong></span> <span class='ocrx_word' id='word_1_195' title='bbox 641 3738 674 3798; x_wconf 87' lang='grc' dir='ltr'><strong>τὸ</strong></span> <span class='ocrx_word' id='word_1_196' title='bbox 693 3747 745 3817; x_wconf 82' lang='grc' dir='ltr'><strong>τῆς</strong></span> <span class='ocrx_word' id='word_1_197' title='bbox 765 3743 896 3818; x_wconf 75' lang='grc' dir='ltr'><em>Ἀθηνᾶς</em></span> <span class='ocrx_word' id='word_1_198' title='bbox 917 3738 1058 3812; x_wconf 86' lang='grc' dir='ltr'><strong><em>ξόανον”.</em></strong></span> <span class='ocrx_word' id='word_1_199' title='bbox 1078 3741 1131 3800; x_wconf 87' lang='lat' dir='ltr'><strong>Ite</strong></span> <span class='ocrx_word' id='word_1_200' title='bbox 1149 3739 1311 3802; x_wconf 78' lang='lat' dir='ltr'><strong>traditum</strong></span> <span class='ocrx_word' id='word_1_201' title='bbox 1323 3742 1376 3801; x_wconf 77' lang='lat' dir='ltr'><strong>ost</strong></span> 
     </span>
     <span class='ocr_line' id='line_1_28' title="bbox 146 3847 1375 3935; baseline 0.004 -26"><span class='ocrx_word' id='word_1_202' title='bbox 146 3851 181 3911; x_wconf 91' lang='lat' dir='ltr'><strong>in</strong></span> <span class='ocrx_word' id='word_1_203' title='bbox 204 3850 347 3910; x_wconf 85' lang='lat' dir='ltr'><strong>Perside.</strong></span> <span class='ocrx_word' id='word_1_204' title='bbox 372 3851 451 3912; x_wconf 76' lang='lat' dir='ltr'><strong>Fere</strong></span> <span class='ocrx_word' id='word_1_205' title='bbox 474 3851 597 3912; x_wconf 85' lang='lat' dir='ltr'><strong>dixeris</strong></span> <span class='ocrx_word' id='word_1_206' title='bbox 621 3847 935 3935; x_wconf 60' lang='lat' dir='ltr'><strong>ipsamJliinerram</strong></span> <span class='ocrx_word' id='word_1_207' title='bbox 960 3870 1034 3916; x_wconf 91' lang='lat' dir='ltr'><strong>eum</strong></span> <span class='ocrx_word' id='word_1_208' title='bbox 1059 3855 1267 3915; x_wconf 85' lang='lat' dir='ltr'><strong>attrectasse.</strong></span> <span class='ocrx_word' id='word_1_209' title='bbox 1293 3853 1375 3930; x_wconf 78' lang='lat' dir='ltr'><strong>Quid</strong></span> 
     </span>
     <span class='ocr_line' id='line_1_29' title="bbox 149 3963 1375 4040; baseline 0.005 -18"><span class='ocrx_word' id='word_1_210' title='bbox 149 3963 272 4023; x_wconf 91' lang='lat' dir='ltr'><strong>mirum</strong></span> <span class='ocrx_word' id='word_1_211' title='bbox 295 3964 466 4025; x_wconf 91' lang='lat' dir='ltr'><strong>inimicam</strong></span> <span class='ocrx_word' id='word_1_212' title='bbox 489 3965 733 4040; x_wconf 87' lang='lat' dir='ltr'><strong>implacabilem</strong></span> <span class='ocrx_word' id='word_1_213' title='bbox 757 3968 893 4030; x_wconf 83' lang='lat' dir='ltr'><strong>Aiacem</strong></span> <span class='ocrx_word' id='word_1_214' title='bbox 919 3968 982 4029; x_wconf 84' lang='lat' dir='ltr'><strong>sibi</strong></span> <span class='ocrx_word' id='word_1_215' title='bbox 1005 3969 1173 4030; x_wconf 80' lang='lat' dir='ltr'><strong>invenisse</strong></span> <span class='ocrx_word' id='word_1_216' title='bbox 1193 3968 1375 4029; x_wconf 89' lang='lat' dir='ltr'><strong>Minervam</strong></span> 
     </span>
     <span class='ocr_line' id='line_1_30' title="bbox 148 4072 507 4157; baseline 0.006 -21"><span class='ocrx_word' id='word_1_217' title='bbox 148 4072 204 4152; x_wconf 79' lang='grc' dir='ltr'><strong>τὴν</strong></span> <span class='ocrx_word' id='word_1_218' title='bbox 226 4073 507 4157; x_wconf 69' lang='grc' dir='ltr'><strong><em>γιγαντολὲπειρανῗ</em></strong></span> 
     </span>
    </p>

    <p class='ocr_par' dir='ltr' id='par_1_9' title="bbox 147 4191 1375 4498">
     <span class='ocr_line' id='line_1_31' title="bbox 194 4191 1375 4287; baseline 0.007 -38"><span class='ocrx_word' id='word_1_219' title='bbox 194 4191 265 4250; x_wconf 89' lang='lat' dir='ltr'><strong>Iam</strong></span> <span class='ocrx_word' id='word_1_220' title='bbox 289 4195 519 4287; x_wconf 90' lang='lat' dir='ltr'><strong>computemus</strong></span> <span class='ocrx_word' id='word_1_221' title='bbox 542 4209 626 4268; x_wconf 86' lang='lat' dir='ltr'><strong>quae</strong></span> <span class='ocrx_word' id='word_1_222' title='bbox 649 4195 689 4256; x_wconf 94' lang='lat' dir='ltr'><strong>de</strong></span> <span class='ocrx_word' id='word_1_223' title='bbox 711 4196 812 4257; x_wconf 81' lang='lat' dir='ltr'><strong>Aiace</strong></span> <span class='ocrx_word' id='word_1_224' title='bbox 837 4231 877 4238; x_wconf 95' lang='lat'><em>-</em></span> <span class='ocrx_word' id='word_1_225' title='bbox 904 4198 924 4258; x_wconf 95' lang='lat' dir='ltr'><strong>i.</strong></span> <span class='ocrx_word' id='word_1_226' title='bbox 950 4213 977 4258; x_wconf 89' lang='lat' dir='ltr'><strong>e.</strong></span> <span class='ocrx_word' id='word_1_227' title='bbox 1003 4197 1042 4257; x_wconf 92' lang='lat' dir='ltr'><strong>de</strong></span> <span class='ocrx_word' id='word_1_228' title='bbox 1065 4195 1299 4271; x_wconf 87' lang='lat' dir='ltr'><strong>antiquissimo</strong></span> <span class='ocrx_word' id='word_1_229' title='bbox 1319 4195 1375 4257; x_wconf 90' lang='lat' dir='ltr'><strong>illo</strong></span> 
     </span>
     <span class='ocr_line' id='line_1_32' title="bbox 147 4305 1375 4384; baseline 0.006 -21"><span class='ocrx_word' id='word_1_230' title='bbox 147 4305 433 4380; x_wconf 72' lang='lat' dir='ltr'><strong>Locrensisque</strong></span> <span class='ocrx_word' id='word_1_231' title='bbox 453 4309 523 4367; x_wconf 86' lang='lat' dir='ltr'><strong>tam</strong></span> <span class='ocrx_word' id='word_1_232' title='bbox 543 4308 708 4369; x_wconf 90' lang='lat' dir='ltr'><strong>minorem</strong></span> <span class='ocrx_word' id='word_1_233' title='bbox 727 4325 827 4384; x_wconf 88' lang='lat' dir='ltr'><strong>quarn</strong></span> <span class='ocrx_word' id='word_1_234' title='bbox 847 4311 1010 4371; x_wconf 89' lang='lat' dir='ltr'><strong>maiorem</strong></span> <span class='ocrx_word' id='word_1_235' title='bbox 1022 4311 1158 4372; x_wconf 89' lang='lat' dir='ltr'><strong>beroem</strong></span> <span class='ocrx_word' id='word_1_236' title='bbox 1170 4311 1375 4372; x_wconf 92' lang='lat' dir='ltr'><strong>homericum</strong></span> 
     </span>
     <span class='ocr_line' id='line_1_33' title="bbox 147 4418 1327 4498; baseline 0.007 -21"><span class='ocrx_word' id='word_1_237' title='bbox 147 4418 342 4493; x_wconf 86' lang='lat' dir='ltr'><strong>provenisse</strong></span> <span class='ocrx_word' id='word_1_238' title='bbox 365 4435 466 4494; x_wconf 87' lang='lat' dir='ltr'><strong>supra</strong></span> <span class='ocrx_word' id='word_1_239' title='bbox 488 4420 595 4483; x_wconf 86' lang='lat' dir='ltr'><strong>fusius</strong></span> <span class='ocrx_word' id='word_1_240' title='bbox 618 4423 755 4498; x_wconf 90' lang='lat' dir='ltr'><strong>probare</strong></span> <span class='ocrx_word' id='word_1_241' title='bbox 779 4425 890 4485; x_wconf 90' lang='lat' dir='ltr'><strong>eonati</strong></span> <span class='ocrx_word' id='word_1_242' title='bbox 912 4440 1031 4486; x_wconf 88' lang='lat' dir='ltr'><strong>sumus</strong></span> <span class='ocrx_word' id='word_1_243' title='bbox 1056 4461 1096 4468; x_wconf 95' lang='lat'>-</span> <span class='ocrx_word' id='word_1_244' title='bbox 1121 4427 1327 4487; x_wconf 85' lang='lat' dir='ltr'><strong>invenimus:</strong></span> 
     </span>
    </p>

    <p class='ocr_par' dir='ltr' id='par_1_10' title="bbox 194 4523 1375 4616">
     <span class='ocr_line' id='line_1_34' title="bbox 194 4523 1375 4616; baseline 0.009 -26"><span class='ocrx_word' id='word_1_245' title='bbox 194 4523 237 4592; x_wconf 87' lang='lat'><strong>1⁰.</strong></span> <span class='ocrx_word' id='word_1_246' title='bbox 262 4532 362 4592; x_wconf 87' lang='lat' dir='ltr'><strong>natus</strong></span> <span class='ocrx_word' id='word_1_247' title='bbox 381 4535 433 4593; x_wconf 88' lang='lat' dir='ltr'><strong>est</strong></span> <span class='ocrx_word' id='word_1_248' title='bbox 452 4533 579 4608; x_wconf 87' lang='lat' dir='ltr'><strong>Naryce</strong></span> <span class='ocrx_word' id='word_1_249' title='bbox 598 4551 699 4611; x_wconf 88' lang='lat' dir='ltr'><strong>prope</strong></span> <span class='ocrx_word' id='word_1_250' title='bbox 718 4537 845 4597; x_wconf 86' lang='lat' dir='ltr'><strong>iontem</strong></span> <span class='ocrx_word' id='word_1_251' title='bbox 864 4539 900 4597; x_wconf 94' lang='lat' dir='ltr'><strong>in</strong></span> <span class='ocrx_word' id='word_1_252' title='bbox 920 4538 1067 4616; x_wconf 87' lang='lat' dir='ltr'><strong>Locride,</strong></span> <span class='ocrx_word' id='word_1_253' title='bbox 1087 4540 1195 4615; x_wconf 89' lang='lat' dir='ltr'><strong>patria</strong></span> <span class='ocrx_word' id='word_1_254' title='bbox 1207 4540 1375 4615; x_wconf 85' lang='lat' dir='ltr'><strong>Lelegum.</strong></span> 
     </span>
    </p>

    <p class='ocr_par' dir='ltr' id='par_1_11' title="bbox 194 4637 1377 4841">
     <span class='ocr_line' id='line_1_35' title="bbox 194 4637 1377 4734; baseline 0.009 -30"><span class='ocrx_word' id='word_1_255' title='bbox 194 4637 240 4706; x_wconf 82' lang='lat'><strong>2⁰.</strong></span> <span class='ocrx_word' id='word_1_256' title='bbox 264 4647 407 4708; x_wconf 87' lang='lat' dir='ltr'><strong>matrem</strong></span> <span class='ocrx_word' id='word_1_257' title='bbox 431 4649 547 4709; x_wconf 88' lang='lat' dir='ltr'><strong>habuit</strong></span> <span class='ocrx_word' id='word_1_258' title='bbox 565 4649 755 4712; x_wconf 90' lang='lat' dir='ltr'><strong>Periboeam</strong></span> <span class='ocrx_word' id='word_1_259' title='bbox 776 4651 953 4726; x_wconf 82' lang='lat' dir='ltr'><strong>Gigantum</strong></span> <span class='ocrx_word' id='word_1_260' title='bbox 974 4655 1061 4729; x_wconf 86' lang='lat' dir='ltr'><strong>regis</strong></span> <span class='ocrx_word' id='word_1_261' title='bbox 1079 4653 1195 4734; x_wconf 61' lang='grc'><strong>11111111,1</strong></span> <span class='ocrx_word' id='word_1_262' title='bbox 1218 4656 1377 4731; x_wconf 82' lang='lat' dir='ltr'><strong>Soapanei</strong></span> 
     </span>
     <span class='ocr_line' id='line_1_36' title="bbox 264 4763 1094 4841; baseline 0.011 -20"><span class='ocrx_word' id='word_1_263' title='bbox 264 4763 372 4824; x_wconf 90' lang='lat' dir='ltr'><strong>herois</strong></span> <span class='ocrx_word' id='word_1_264' title='bbox 396 4765 586 4838; x_wconf 88' lang='lat' dir='ltr'><strong>gigantibus</strong></span> <span class='ocrx_word' id='word_1_265' title='bbox 609 4781 767 4841; x_wconf 86' lang='lat' dir='ltr'><strong>perquam</strong></span> <span class='ocrx_word' id='word_1_266' title='bbox 791 4767 913 4828; x_wconf 85' lang='lat' dir='ltr'><strong>similis</strong></span> <span class='ocrx_word' id='word_1_267' title='bbox 935 4783 1094 4830; x_wconf 90' lang='lat' dir='ltr'><strong>sororem.</strong></span> 
     </span>
    </p>
   </div>
   <div class='ocr_carea' id='block_1_3' title="bbox 0 0 1768 5692">
    <p class='ocr_par' dir='ltr' id='par_1_12' title="bbox 0 0 1768 5692">
     <span class='ocr_line' id='line_1_37' title="bbox 0 0 1768 5692; baseline 0 0"><span class='ocrx_word' id='word_1_268' title='bbox 0 0 1768 5692; x_wconf 95' lang='lat' dir='ltr'><strong> </strong></span> 
     </span>
    </p>
   </div>
  </div>
 </body>
</html>
