3525 5692
680 707 720 749 οε
743 707 853 752 nucu.
1317 693 1380 752 119

144 881 300 954 quodque
320 879 460 940 maximi
483 881 536 939 est
559 877 761 950 faciendum,
784 877 937 952 Dorpield
961 879 1032 953 ipse
1057 879 1107 939 vir
1130 879 1248 939 harum
1272 892 1382 938 rerum

145 993 386 1067 peritissimus,
412 992 468 1051 ubi
491 993 525 1051 in
549 992 633 1052 libro
656 1006 717 1051 suo
740 990 874 1065 saepius
897 990 1034 1051 laudato
1058 992 1126 1066 egit
1148 992 1188 1052 de
1211 990 1382 1051 ruderibus

147 1109 290 1181 repertis
319 1107 353 1165 in
384 1104 500 1165 Troiae
523 1105 601 1166 sede
624 1105 768 1179 septima
795 1140 833 1150 -
861 1105 959 1179 vulgo
982 1107 1156 1165 nominata
1178 1108 1277 1179 atque
1302 1107 1381 1166 indi·

148 1223 226 1279 cata
248 1212 324 1278 ViP
347 1250 401 1290 -,
425 1233 526 1292 quam
560 1218 675 1279 sedem
708 1219 899 1278 habitarunt
921 1218 1074 1278 homines
1102 1218 1227 1279 saeculi
1261 1218 1380 1278 decimi

150 1333 205 1393 vel
234 1333 329 1407 noni,
361 1333 415 1392 ubi
444 1332 691 1415 demonstravit
721 1332 782 1391 hac
811 1331 844 1391 in
869 1332 947 1392 sede
970 1335 1100 1407 reperta
1123 1346 1198 1392 esse
1221 1332 1379 1392 domuum

145 1445 335 1505 rudimenta
369 1445 410 1504 ad
441 1459 525 1518 quas
554 1445 793 1504 construendas
825 1444 955 1504 barbari
982 1459 999 1504 e
1023 1443 1163 1504 Thracia
1185 1445 1381 1505 invadentes

148 1559 287 1619 minime
321 1558 466 1618 ruissent
497 1558 620 1632 idonei,
652 1555 752 1617 finem
783 1557 864 1617 facit
894 1557 986 1618 hisce
1016 1557 1144 1618 verbis:
1172 1557 1381 1632 „Allerdings
1465 1613 1468 1619 .

148 1673 281 1732 mbcbte
303 1671 357 1731 ich
381 1686 436 1731 am
461 1671 600 1731 liebsten
625 1671 676 1731 als
698 1671 842 1731 Idrbauer
861 1671 919 1730 der
945 1671 1074 1731 Hauser
1094 1671 1167 1731 aine
1194 1670 1379 1745 priecbiecbc

147 1784 378 1858 Bevolkerung
408 1785 609 1845 annebmen.
641 1784 735 1844 Auch
768 1784 820 1844 die
851 1783 1058 1860 uopfwaarc,
1084 1784 1212 1844 dictet
1235 1784 1298 1843 den
1321 1784 1378 1843 Be·

146 1898 328 1958 wunneren
351 1898 458 1958 dieser
481 1897 611 1958 Haueer
635 1900 746 1958 zuerst
769 1897 915 1972 auftrItt,
941 1899 1053 1958 wurde
1073 1898 1138 1956 dan
1156 1898 1218 1958 den
1236 1897 1378 1958 tltesten

143 2012 355 2088 priecbiecbcn
378 2012 575 2072 Ansiedlem
600 2011 812 2087 angehoren”
838 2016 879 2086 (p.
906 2012 1000 2082 200).-

194 2127 333 2202 Saepius
374 2126 460 2200 apud
496 2128 626 2186 veteres
661 2131 814 2186 auctores
849 2127 1005 2186 audimus
1040 2127 1079 2187 de
1114 2127 1379 2202 expeditionibus

149 2241 270 2317 priscis
307 2241 513 2316 temporibus
554 2241 587 2301 in
622 2240 784 2302 Troadem
818 2241 930 2317 tactis,
966 2256 1107 2315 quarum
1143 2243 1243 2304 duces
1277 2244 1381 2304 fuisse

150 2356 306 2417 dicuntur
346 2355 410 2414 viri
451 2370 493 2414 ex
534 2356 797 2428 Agamemnonis
838 2370 959 2430 genere
997 2357 1060 2416 orti
1093 2357 1144 2416 vel
1179 2357 1234 2417 alii
1269 2357 1380 2419 claris·

149 2469 241 2529 sima
280 2469 434 2542 gerentes
468 2469 614 2528 numina.
658 2468 710 2528 Sic
744 2469 831 2544 apud
865 2461 1063 2530 Strabonem
1098 2470 1199 2546 (XIII,
1235 2487 1265 2546 p.
1303 2473 1379 2541 582)

150 2583 315 2658 legimus:

200 2691 334 2774 ,τέτρασι
363 2693 421 2775 γὰρ
451 2692 490 2772 δὴ
518 2699 633 2774 γενεαῖς
657 2694 864 2776 πρεσβυτέραν
887 2696 965 2773 φασί
987 2695 1042 2775 τὴν
1065 2696 1213 2777 Αἰολικὴν
1236 2697 1380 2761 ἀποικίαν

145 2817 200 2887 τῆς
228 2802 373 2885 Ἰωνικῆς·
405 2807 560 2888 διατριβὰς
591 2804 624 2868 δέ
651 2810 755 2888 λαβεῖν
778 2808 831 2870 καῖ
852 2810 983 2890 χρόνους
1006 2811 1218 2894 μακροτέρους.
1240 2809 1380 2894 Ὀρέστην

147 2919 206 3000 μέν
235 2919 292 3002 γὰρ
321 2919 411 3001 ἄρξαι
440 2931 495 2983 τοῦ
522 2922 639 2983 στόλον·
663 2924 773 2985 τούτου
798 2919 827 2984 δ’
854 2922 888 2984 έν
912 2925 1051 3009 Ἀρκαδίην
1073 2929 1303 3004 τελευτήσαντος
1327 2927 1380 2990 τὸν

147 3035 219 3115 βίον
237 3032 437 3109 διαδέξασθαι
456 3035 508 3097 τόν
526 3035 597 3097 υίδν
617 3035 712 3099 αὐτοῦ
733 3035 893 3099 Πένθιλον
912 3038 964 3099 καί
982 3045 1145 3119 προελθεῖν
1161 3040 1245 3122 μέχρι
1260 3043 1378 3127 Θρᾴκης

146 3147 293 3226 ἑξήκοντα
322 3147 397 3210 ἔτεσι
420 3158 480 3210 τῶν
507 3152 648 3229 Τρωϊκῶν
670 3151 796 3230 ὕστερον
820 3147 868 3212 ὑπ’
896 3150 993 3230 αὐτὴν
1016 3151 1072 3231 τὴν
1096 3164 1155 3215 τῶν
1173 3151 1379 3236 Ἡρακλειδῶν

144 3263 190 3335 είς
216 3262 453 3341 Πελοπόννησον
474 3263 623 3325 κάθοδον,
647 3257 693 3325 εἶτ’
720 3263 875 3345 Ἀρχέλαον
902 3265 972 3328 cibe
995 3265 1113 3329 ἐκείνου
1136 3279 1301 3349 περαιῶσαι
1324 3271 1376 3330 τὸν

147 3374 294 3437 Αἰολικὸν
317 3375 424 3436 στόλον
446 3376 488 3448 εἰς
512 3376 566 3455 τὴν
589 3386 648 3437 νῦν
669 3378 844 3458 Κυζικηνήν
872 3379 927 3458 τὴν
947 3379 1015 3459 περί
1030 3381 1064 3442 τὸ
1085 3384 1268 3444 Δασκύλιον.
1293 3389 1375 3466 Γρᾶν

147 3487 183 3551 δέ
216 3489 268 3551 τόν
302 3490 371 3552 υίὸν
405 3492 514 3553 τούτου
544 3493 596 3553 τὸν
628 3495 777 3555 νεώτατον
807 3496 1001 3574 προελθόντα
1032 3495 1115 3577 μέχρι
1143 3505 1196 3559 τοῦ
1221 3499 1375 3578 Γρανίκου

145 3613 287 3681 ποταμοῦ
309 3603 360 3666 καί
382 3605 668 3686 παρεσκευασμένον
687 3607 814 3685 όίμεινον
832 3620 999 3690 περαιῶσαι
1017 3612 1050 3672 τὸ
1068 3611 1160 3674 πλέον
1173 3622 1224 3692 τῆς
1237 3624 1376 3692 στρατιᾶς

144 3718 189 3791 εἰς
213 3715 335 3798 Λέσβον
357 3718 409 3779 καί
437 3727 595 3800 κατασχεῖν
618 3722 724 3801 αὐτήν.
756 3725 878 3803 Κλεόην
903 3722 936 3786 δέ
958 3725 1011 3787 τὸν
1035 3727 1144 3806 Δώρου
1167 3725 1218 3787 καί
1242 3726 1376 3789 Μαλαὸν

146 3830 199 3893 καί
222 3831 334 3905 αὐτοὺς
357 3831 530 3914 ἀπογόνους
549 3833 639 3908 ὄντας
658 3836 875 3917 Ἀγαμέμνονος
895 3847 1079 3921 συναγαγεῖν
1098 3839 1152 3920 μέν
1168 3842 1224 3920 τὴν
1237 3840 1377 3922 στρατιὰν

146 3945 223 4005 κατὰ
257 3945 310 4006 τόν
344 3946 438 4009 αὐτὸν
469 3948 580 4026 χρόνον
610 3946 679 4009 καθ’
717 3947 753 4010 δν
785 3950 837 4012 καί
868 3951 1031 4027 Πένθιλος.
1063 3954 1138 4016 ἀλλὰ
1168 3954 1220 4017 τὸν
1244 3953 1298 4032 μέν
1322 3965 1376 4017 τοῦ

149 4061 307 4120 Πενθίλου
337 4061 444 4122 στόλον
467 4069 589 4140 φθῆναι
611 4062 823 4144 περαιωθέντα
847 4064 880 4127 έκ
903 4075 955 4145 τῆς
981 4068 1100 4152 Θρηίκης
1124 4068 1166 4141 είς
1190 4067 1245 4146 τὴν
1270 4070 1378 4131 Ἀσίαν·

147 4174 277 4246 τούτους
307 4171 340 4234 δέ
369 4174 438 4254 περὶ
467 4175 523 4254 τὴν
555 4178 695 4258 Λοκρίδα
717 4176 767 4239 καί
790 4178 823 4240 τὸ
849 4182 977 4259 Φρίκιον
1002 4179 1072 4260 ὅρος
1098 4183 1257 4261 διατρῖψαι
1279 4184 1379 4244 πολὺν

91 4313 94 4317 ·
145 4285 268 4366 χρόνον·
291 4287 418 4366 ὕστερον
442 4285 475 4349 δέ
498 4291 664 4369 διαβάντας
687 4292 784 4352 κτίσαι
812 4292 867 4371 τὴν
890 4295 1003 4374 Κύμην
1027 4293 1082 4373 τὴν
1109 4296 1284 4375 Φρικῶνίδα
1307 4303 1379 4376 κλη-

145 4405 257 4460 θεῖσαν
281 4398 419 4462 ἀπὸτοῦ
444 4408 600 4483 Λοκρικοῦ
625 4403 748 4484 όρονς”.

191 4514 326 4576 Orestes
360 4516 459 4592 igitur
489 4520 618 4593 primus
649 4520 714 4581 fuit
744 4524 799 4597 qui
830 4523 997 4584 coloniam
1021 4524 1175 4599 deduxit;
1196 4523 1284 4586 filius
1308 4525 1380 4586 eius

145 4628 319 4689 Penthilus
343 4631 441 4690 annis
464 4633 640 4708 sexaginta
662 4638 738 4710 post
761 4635 894 4697 Troiam
914 4640 1047 4714 captam
1069 4639 1203 4698 colonos
1220 4639 1261 4699 ad
1280 4638 1378 4699 'Phra-

143 4742 232 4803 ciam
267 4743 379 4803 duxit:
417 4746 515 4805 huius
549 4744 637 4808 filins
672 4750 856 4811 Archelaus
890 4767 1086 4827 progressus
1119 4755 1171 4813 est
1202 4767 1307 4827 usque
1338 4754 1379 4813 ad
1430 4815 1431 4819 ,
