3525 5692
379 692 442 753 176
881 711 923 754 66
946 709 1096 756 6666616.

422 880 484 940 Sed
507 880 547 939 de
570 881 661 940 hisce
683 881 751 940 iam
774 881 867 942 66116.

418 993 626 1054 Doriensium
668 994 798 1070 Apollo,
842 995 899 1069 qui
935 995 1072 1055 ultimus
1111 996 1206 1056 iuxta
1239 997 1384 1070 Lunam,
1419 995 1602 1069 Garneurn,

376 1105 590 1181 Chthoniam‚
626 1107 810 1182 Dionysum
844 1108 956 1170 locum
992 1109 1026 1168 in
1062 1109 1199 1170 (1616616
1232 1109 1413 1186 obtinebat,
1446 1109 1606 1170 audiebat

375 1220 484 1295 Apollo
499 1216 640 1296 Cornua,
663 1223 765 1282 donec
784 1238 861 1282 cum
881 1221 1023 1298 (lamec,
1045 1223 1183 1299 coaluit,
1205 1223 1321 1284 deinde
1334 1224 1442 1299 Apollo
1456 1218 1605 1283 Carnona

375 1335 483 1396 iactus
517 1340 579 1396 est.
615 1336 739 1396 Iniuria
773 1337 875 1410 igitur
909 1337 1018 1411 Bergk
1045 1329 1066 1406 ¹)
1105 1338 1191 1411 apud
1221 1336 1403 1398 Praxillam
1436 1337 1603 1412 poetriam

378 1449 584 1525 sicyoniam,
608 1464 692 1522 quae
717 1483 756 1493 -
781 1452 819 1510 ut
839 1450 986 1511 vidimus
1009 1465 1109 1525 supra
1129 1484 1169 1494 -
1183 1429 1464 1523 'antiquissimum
1478 1450 1605 1510 Achae·

376 1579 471 1624 orum
495 1563 636 1624 canebat
658 1564 771 1638 deum,
796 1563 1038 1624 restituendum
1062 1564 1192 1624 censuit
1214 1563 1334 1640 Κύρνος
1362 1579 1418 1638 pro
1442 1564 1605 1639 Κάρνειος.

376 1677 437 1737 1116
460 1680 572 1738 autem
598 1677 714 1752 Apollo
737 1678 823 1737 diem
848 1677 973 1737 festum
997 1677 1211 1752 pastoricium
1231 1677 1358 1738 -iam
1383 1677 1423 1738 ab
1447 1676 1606 1751 agricolis

376 1792 473 1853 novis
502 1791 712 1852 caerimoniis
742 1792 782 1850 ad
812 1790 953 1865 Dionysi
983 1791 1109 1851 cultum
1134 1791 1374 1866 pertinentibus
1397 1794 1529 1852 auctum
1556 1825 1603 1834 -

376 1907 469 1966 auxit
492 1921 580 1966 novo
604 1921 695 1965 more
717 1913 770 1963 τοῦ
793 1904 972 1964 ἱλάσκεσθαι
996 1903 1047 1964 τὸν
1070 1903 1154 1964 θεόν.

419 2021 619 2081 Rectissime
660 2019 809 2079 Rohdius
851 2019 931 2079 olim
971 2019 1164 2080 observarit
1188 2012 1211 2089 2)
1246 2019 1398 2093 66116666
1432 2018 1604 2093 Achaeos,

375 2135 490 2209 quales
520 2134 640 2209 depicti
662 2138 741 2194 suut
764 2133 850 2208 apud
875 2133 1075 2207 Homerum,
1102 2134 1249 2206 caruisse
1272 2132 1388 2193 diebus
1410 2131 1519 2210 iestis,
1544 2133 1607 2205 qui

374 2264 534 2331 germana
557 2263 636 2307 voce
659 2247 817 2322 appellari
840 2248 970 2307 soleant
995 2243 1164 2322 Srlhnfeate.
1188 2248 1326 2322 Scripsit
1350 2247 1450 2307 rerba
1476 2261 1605 2308 memo·

375 2365 451 2424 ratu
480 2362 677 2437 dignissima
707 2361 804 2421 haec:
847 2360 926 2435 ,Die
957 2362 1165 2436 Ausbildung
1188 2362 1254 2422 und
1277 2359 1494 2421 whohereude
1516 2361 1603 2419 Aus-

376 2477 528 2562 breitung
550 2476 608 2535 der
632 2476 663 2535 in
689 2475 750 2534 den
775 2475 1007 2535 homerischon
1031 2475 1210 2536 Gedichten
1231 2475 1331 2535 kaurn
1350 2474 1384 2534 16
1403 2474 1464 2534 den
1486 2476 1601 2534 ersten

375 2591 517 2650 leichten
551 2589 792 2661 Andeuluugen
827 2588 899 2648 sich
936 2588 1212 2664 nnkhndigendeu
1242 2587 1500 2662 Vorstellungen
1534 2603 1602 2649 von

374 2702 501 2764 uberali
530 2703 714 2763 drohender
744 2702 943 2778 Befleclrung
974 2703 1041 2763 und
1065 2703 1163 2764 deren
1186 2703 1401 2778 Beseitigung
1423 2702 1524 2763 durch
1548 2702 1604 2763 die

376 2815 481 2876 Mittel
511 2815 601 2876 einer
631 2815 806 2889 religiosen
836 2815 1162 2890 Reinigungslrunst,
1190 2816 1310 2876 161616
1336 2816 1604 2891 Hauptkennzei-

324 3003 328 3013 1
376 2930 460 2990 6666
483 2929 539 2989 der
562 2929 858 3003 angstbeilissenen
877 2929 959 2989 riher
978 2930 1030 2991 die
1049 2929 1237 2990 Heilmittel
1256 2930 1314 2990 des
1326 2944 1389 2990 von
1402 2931 1464 2990 den
1477 2929 1603 2990 Vatern

376 3043 527 3104 ererbten
551 3042 666 3103 (lulius
689 3043 998 3117 hinausgreifeuden
1030 3043 1604 3117 1666618666666666661166661

377 3157 481 3218 Zeit''.
513 3156 565 3216 Ita
594 3158 662 3227 est,
698 3171 776 3216 nam
808 3157 863 3230 qui
896 3157 1065 3218 homerica
1095 3160 1207 3217 aetate
1236 3157 1426 3232 quempiam
1450 3157 1601 3245 necavit,

374 3271 514 3347 pecunia
536 3271 613 3331 data
635 3270 726 3330 omni
749 3273 884 3346 peccato
907 3271 1108 3331 absolvitur:

507 3383 558 3443 καὶ
581 3379 606 3461 ῥ’
635 3379 651 3443 ὃ
675 3380 730 3459 μὲν
753 3381 785 3442 ἐν
811 3384 896 3466 δήμῳ
920 3383 1000 3461 μένει
1026 3382 1136 3442 αὐτόθι
1161 3377 1242 3442 πόλλ’
1269 3382 1421 3454 ἀποτίσας.

375 3500 528 3576 Quinimo
548 3497 829 3574 (theoclymenus,
848 3498 928 3559 licet
939 3497 1137 3559 Telemacho
1151 3497 1350 3558 sacrificanti
1365 3498 1604 3573 appropinquet

375 3612 497 3692 φεύγων
520 3609 549 3684 ἐξ
566 3609 686 3686 ’Ἄργεος
710 3607 808 3688 ἄνδρα
832 3611 994 3687 κατακτάς,
1015 3646 1055 3656 -
1080 3612 1126 3671 nil
1150 3614 1238 3672 enim
1264 3612 1426 3686 solverat,
1447 3626 1599 3685 -prae-

374 3726 482 3788 sentia
523 3740 584 3784 sua
619 3725 756 3785 minime
790 3725 941 3798 inquinat
976 3723 1186 3786 sacrificium.
1221 3725 1371 3785 Primum
1406 3724 1597 3799 exemplum

375 3840 520 3901 hominis
549 3840 586 3900 oo
609 3841 732 3900 caedem
762 3840 899 3899 lustrati
930 3842 1043 3901 exstat
1074 3843 1106 3900 16
1131 3856 1228 3915 opere
1251 3839 1513 3915 posthomerico;
1538 3838 1602 3899 fuit

376 3954 536 4035 Achilles,
568 3954 623 4027 qui
650 3954 803 4013 Thersite
833 3954 1033 4028 interempto
1059 3953 1100 4013 ab
1130 3953 1228 4014 Ulixe
1258 3953 1356 4013 Lesbi
1386 3953 1548 4013 lustratur
1564 3946 1598 4020 1).

364 4041 541 4145 11666166]
573 4069 711 4128 aberant
741 4068 820 4127 haec
849 4069 1002 4142 tempora
1032 4069 1072 4128 ab
1104 4068 1182 4143 illis,
1215 4066 1332 4141 quihus
1362 4045 1600 4141 Athenienses}

375 4183 485 4245 caedis
507 4181 548 4243 ab
570 4182 641 4242 61116
658 4182 862 4257 perpetratae
881 4181 992 4241 nuntio
1012 4182 1109 4242 modo
1129 4181 1244 4258 allato,
1266 4197 1302 4240 66
1321 4181 1411 4256 ipsos
1422 4195 1496 4241 esse
1509 4182 1598 4253 inqu·

373 4298 484 4358 inatos
517 4297 678 4371 putabant
696 4288 730 4366 Ι).
765 4296 1014 4356 Lustrationum
1050 4297 1161 4356 autem
1196 4295 1295 4370 ritus,
1332 4310 1407 4356 cum
1438 4310 1456 4354 6
1487 4293 1596 4369 Greia,

375 4411 642 4488 Epimenidarum
673 4411 797 4485 patria,
822 4414 1013 4470 ortusesse
1037 4411 1252 4470 videatur-
1277 4409 1464 4486 Apollinem
1489 4410 1598 4484 ipsum

411 4692 432 4755 ¹)
449 4696 522 4742 Poet.
540 4695 600 4753 Lyr.
618 4690 670 4741 111³
687 4709 713 4754 p.
730 4695 787 4741 518.
990 4689 1010 4758 ²)
1027 4695 1130 4754 Psyche
1147 4694 1174 4740 11
1193 4707 1219 4754 p.
1237 4695 1277 4741 51.

407 4784 430 4850 ⁸)
448 4777 596 4846 Aethiopis,
614 4787 724 4845 Wagner
740 4800 766 4847 p.
785 4788 841 4833 141.
984 4782 1006 4848 ⁴)
1024 4788 1093 4834 Plut.
1111 4800 1199 4846 praec.
1217 4800 1271 4846 ger.
1290 4786 1362 4834 XVII
1379 4800 1404 4847 p.
1423 4788 1511 4834 81413.
