3525 5692
671 741 712 785 or
735 742 845 787 arnon.
1314 725 1370 784 107

150 913 216 973 The
251 927 325 972 new
359 912 538 986 Pbryntcb.
573 911 673 972 Ruth.
710 928 739 986 p.
775 913 852 980 467)
898 908 1064 985 significat
1097 924 1222 984 ,unum
1252 924 1376 970 annum

150 1027 299 1100 natum”,
322 1025 488 1085 interdum
512 1028 624 1086 autem
651 1026 842 1099 „annuum”
867 1040 895 1084 e.
917 1029 946 1098 g.
976 1023 1095 1084 Herod.
1120 1022 1175 1098 IV,
1202 1023 1282 1083 180:
1307 1018 1378 1104 ὁρτῇ

150 1134 289 1219 ἐνιαυσίῃ
312 1139 346 1198 et
369 1138 501 1199 Hesiod.
528 1140 554 1196 Ο
576 1139 662 1199 447:

350 1250 520 1330 φράζεσθαι
543 1247 569 1311 θ’
597 1242 653 1311 εύτ’
675 1248 714 1309 ἂν
736 1250 867 1331 γεράνου
891 1248 1000 1327 φωνὴν
1024 1247 1194 1333 ἐπακούσῃς

350 1362 474 1441 ὑψόθεν
495 1361 527 1424 ἐκ
546 1362 664 1441 νεφέων
687 1361 828 1425 ἐνιαύσια
851 1363 1038 1444 κεκληγυίης.

194 1483 233 1541 In
252 1480 377 1541 scholio
397 1483 510 1542 nostro
530 1496 606 1542 cum
629 1495 709 1541 voce
728 1476 906 1558 παρθένους
925 1479 1104 1540 coniuncta
1116 1494 1181 1539 vox
1195 1474 1381 1546 doroverniae

150 1594 237 1654 haud
269 1593 365 1655 dubie
389 1594 481 1655 valet
503 1594 687 1670 ,annuas.”
711 1590 795 1654 Oum
818 1593 920 1667 igitur
942 1592 1120 1666 quotannis
1143 1605 1250 1651 novae
1273 1590 1380 1649 mitte·

148 1709 264 1767 rentur
286 1706 426 1784 puellae,
460 1722 600 1782 quarum
631 1721 699 1767 una
728 1705 781 1766 vel
813 1706 922 1767 altera
944 1704 1108 1780 templum
1133 1702 1381 1794 assequebatur,

148 1834 213 1879 non
237 1822 381 1896 poterat,
406 1821 483 1894 quin
508 1835 681 1881 servarum
701 1834 862 1880 numerus
881 1833 1015 1894 semper
1033 1819 1249 1892 accresceret,
1270 1815 1381 1890 plures

148 1949 249 2006 quam
284 1935 373 1994 certe
409 1932 505 1994 binae
539 1948 672 2008 semper
704 1932 738 1993 in
769 1932 849 1992 aede
880 1931 1046 1992 adessent.
1078 1930 1187 1991 Etiam
1220 1944 1237 1989 e
1273 1928 1381 1988 verbis

147 2043 197 2104 aab
232 2045 324 2105 πάλιν
354 2044 387 2105 οἱ
413 2042 530 2123 Λοκροὶ
560 2042 740 2105 ἀπέστελλον
771 2041 863 2116 ditae
887 2044 1037 2106 effeceris
1061 2044 1242 2104 Locrenses
1264 2041 1381 2102 nuntio

148 2160 319 2234 virginum
332 2159 580 2221 interfectarum
600 2160 712 2219 audito
731 2159 838 2219 atatim
858 2159 947 2218 intra
966 2158 1115 2218 euisdem
1135 2157 1213 2217 anni
1235 2155 1380 2231 spatium
1427 2148 1431 2156 ’

148 2272 235 2332 alias
264 2273 408 2333 misisse.
441 2274 492 2333 An
522 2273 608 2334 forte
631 2271 823 2347 significant
845 2272 927 2332 baec
951 2271 1066 2331 verba:
1090 2271 1272 2331 Locrenses
1295 2283 1381 2328 anno

147 2387 301 2459 sequenti
322 2386 357 2445 in
378 2401 469 2447 more
493 2386 658 2460 virginum
683 2385 922 2446 mittendarum
945 2398 1176 2460 perseuerasse
1194 2384 1273 2444 licet
1295 2395 1380 2442 anno

149 2501 319 2575 superiore
342 2500 460 2559 nuntio
481 2498 677 2559 tristissimo
700 2500 815 2559 essent
837 2497 971 2558 affecti?

196 2612 417 2687 Inspiciamus
439 2611 604 2672 scholium
628 2612 669 2672 ad
692 2612 899 2687 Lycophron.
923 2610 1019 2671 Alex.
1047 2611 1149 2671 1155:

199 2725 347 2801 ,Τίμαιος
378 2723 492 2801 ἱστορεῖ
520 2723 564 2784 ὅτι
594 2723 630 2783 οἱ
656 2723 902 2804 παραγενόμεναι
928 2719 1079 2801 παρθένοι
1103 2720 1265 2782 ἐδούλευον
1288 2717 1321 2780 ἕν
1343 2730 1382 2802 τῷ

151 2836 221 2920 ἱερῷ
244 2845 297 2914 τῆς
320 2842 465 2915 Ἀθηνᾶς,
488 2836 545 2898 δύο
569 2829 667 2897 οὖσαν
691 2837 720 2898 εἰ
740 2835 774 2898 δι’
795 2859 839 2909 τις
862 2834 1021 2897 ἀποθάνοι
1039 2832 1142 2913 ἑτέραν
1161 2833 1384 2914 παραγίνεσθαι

149 2947 212 3011 ἄνι’
245 2951 354 3029 αὐτῆς,
385 2949 503 3030 ἐκείνην
528 2948 561 3011 di
584 2952 620 3014 ού
645 2951 820 3013 θάπτεσθαι
842 2951 904 3012 ὑπὸ
928 2961 987 3012 τῶν
1010 2950 1121 3028 Τρώων
1145 2947 1218 3009 ἀλλὰ
1241 2947 1384 3008 καίεσθαι

152 3063 270 3144 ἀγρίοις
295 3064 410 3140 ξύλοις,
431 3063 481 3124 καὶ
504 3064 539 3124 τύ
560 3061 632 3126 ὀστᾶ
655 3065 748 3143 αὐτῆς
772 3064 933 3144 ῥίπτεσθαι
956 3063 998 3136 εἷς
1017 3063 1210 3123 θύλασσαν.”

196 3180 336 3240 Prorsus
359 3178 425 3239 alia
443 3179 554 3254 docet,
574 3182 612 3239 ut
633 3179 738 3255 vides,
759 3179 929 3255 Timaeus,
951 3191 1073 3253 nempe
1095 3176 1279 3253 ,virgines
1299 3188 1382 3248 quae

149 3293 191 3354 ab
214 3293 463 3354 insidiatoribus
486 3294 675 3355 evasissent
697 3293 875 3366 salvaeque
893 3294 927 3352 in
947 3264 1115 3352 Minervae
1136 3290 1252 3350 aedem
1271 3303 1383 3363 perve-

147 3409 293 3483 nissent,
317 3409 501 3469 sacerdotio
524 3408 658 3482 quidem
677 3422 751 3468 esse
771 3407 916 3481 functas,
938 3406 994 3466 sed
1015 3419 1148 3479 semper
1167 3404 1262 3464 binas
1281 3401 1382 3462 simul

150 3521 186 3580 in
222 3521 302 3580 aede
333 3521 478 3582 affuisse.
511 3520 657 3597 Quarum
689 3520 720 3580 si
751 3520 857 3581 altera
883 3520 1071 3579 moreretur
1094 3518 1127 3577 in
1152 3517 1251 3577 huius
1275 3517 1384 3577 locum

150 3631 282 3712 ἔφεδρον
306 3635 446 3695 missam
467 3649 555 3710 esse,
580 3634 749 3695 mortuam
769 3648 848 3694 vero
869 3631 970 3692 iustis
991 3631 1138 3691 caruisse
1158 3629 1363 3689 funeribus’'

197 3748 269 3806 Iam
292 3750 468 3808 monuerat
491 3747 648 3822 Polybius
672 3746 738 3807 alia
761 3761 895 3806 narrare
920 3745 1095 3805 Timaeum
1119 3743 1184 3804 alia
1205 3742 1387 3803 Locrenses

151 3860 244 3934 ipsos
267 3863 301 3921 et
319 3848 547 3922 Aristotelem.
566 3861 679 3934 Neque
699 3860 819 3940 iniuria
838 3859 983 3936 monuit,
1003 3873 1082 3918 nam
1102 3872 1207 3930 neque
1227 3855 1385 3918 Timaeus

150 3972 299 4046 loquitur
333 3974 372 4034 de
408 3973 591 4049 virginibus
626 3973 804 4046 quotannis
839 3973 955 4033 missis
989 3986 1095 4045 neque
1129 3971 1168 4030 de
1202 3967 1386 4044 virginibus

151 4086 338 4148 interfectis
360 4089 491 4149 iustove
515 4088 666 4164 sepulcro
690 4090 766 4163 post
790 4088 925 4148 caedem
949 4087 1098 4162 privatis.
1122 4084 1231 4144 Immo
1250 4083 1386 4143 Timaeo

151 4202 287 4261 auctore
310 4202 530 4264 Locrensibus
551 4204 753 4276 imperatum
778 4204 863 4278 erat,
885 4205 922 4263 ut
941 4201 1038 4262 binae
1058 4213 1192 4274 semper
1211 4211 1328 4258 servae
1351 4195 1385 4254 in

151 4313 234 4373 aede
258 4315 426 4391 adessent,
451 4317 538 4376 hunc
562 4331 641 4376 vero
665 4330 845 4375 numerum
868 4315 976 4374 minui
995 4330 1037 4375 ne
1056 4313 1212 4373 sinerent.
1233 4310 1258 4370 Ε
1278 4309 1387 4371 verbis

152 4430 282 4503 autem,
317 4443 402 4502 quae
435 4429 562 4489 addidit
597 4428 755 4489 Timaeus
789 4425 894 4506 ἑτέραν
928 4427 1157 4506 παραγίνεσθαι
1185 4417 1244 4482 ἀπ’
1280 4420 1388 4498 αὐτῆς,

152 4538 303 4600 effeceris
315 4541 410 4601 illam
422 4542 601 4617 virginem,
620 4557 704 4614 quae
725 4542 877 4601 mortuae
897 4541 1102 4615 succederet,
1122 4551 1255 4613 semper
1274 4535 1386 4596 vivam

152 4652 195 4714 ad
219 4653 335 4714 aedem
358 4656 560 4730 pervenisse.
669 4635 673 4641 ⁵
1141 4733 1146 4741 ¹

198 4765 261 4826 Sed
284 4766 428 4829 fortasse
452 4768 614 4829 obieceris
637 4767 803 4828 scholium
827 4767 962 4828 brevius
985 4780 1177 4840 essequam
1199 4764 1388 4838 equotute
1411 4817 1413 4819 .
