3525 5692
692 715 734 766 uu
756 716 867 767 11101.
1350 697 1391 763 35

164 893 349 972 antiquam,
386 895 608 968 antiquiorem
643 895 737 955 illam
772 897 906 955 statuae
939 895 1082 956 formam
1111 927 1156 936 -
1185 895 1215 954 si
1245 891 1392 969 unquam

163 1009 240 1069 talis
267 1010 301 1069 in
325 1025 399 1071 arce
422 1009 573 1071 stetisset
597 1043 636 1052 -
662 1025 738 1070 cum
763 1010 946 1070 recentiore
968 1009 1079 1082 aliqua
1102 1009 1391 1069 commutaverint.

161 1124 284 1200 Immo,
309 1125 339 1184 si
362 1126 477 1184 statua
495 1125 614 1185 sedens
634 1139 781 1199 unquam
801 1139 918 1185 revera
937 1125 971 1185 in
991 1139 1066 1185 arce
1084 1125 1215 1202 fuisset,
1229 1125 1392 1186 tenaciter

161 1238 313 1325 formam
338 1238 498 1299 traditam
533 1241 739 1299 servassent.
770 1238 811 1298 Et
842 1255 917 1300 curn
948 1239 1068 1300 ceteris
1098 1239 1131 1299 in
1162 1239 1275 1300 Iliadis
1297 1240 1391 1301 libris

161 1365 328 1425 nusquam
362 1351 510 1413 Minerva
539 1353 627 1413 intra
661 1353 776 1414 Troiae
807 1326 941 1414 moenia
971 1356 1141 1431 appareat,
1173 1355 1231 1415 sed
1261 1370 1392 1430 semper

159 1467 229 1526 stet
261 1466 302 1526 ab
339 1466 549 1528 Achaeorum
571 1469 736 1545 partibus,
752 1470 836 1529 xtute
867 1469 1017 1529 statuere
1047 1483 1228 1544 possumus
1258 1470 1389 1531 Troiam

162 1577 276 1639 Iliadis
299 1613 340 1622 -
365 1596 431 1642 non
454 1581 526 1642 dico
550 1581 718 1656 Odysseae
744 1615 783 1626 -
808 1582 944 1643 omnino
967 1583 1028 1643 dea
1046 1584 1193 1644 Minerva
1211 1583 1366 1645 caruisse.

206 1693 251 1754 At
280 1696 367 1755 unde
397 1696 517 1772 petivit
545 1696 764 1772 interpolator
793 1675 960 1757 Minervae
989 1697 1171 1771 imaginem
1194 1697 1390 1759 sedentem?
1449 1737 1452 1741 -

161 1805 247 1868 Nam
278 1809 440 1884 abripitur
470 1811 602 1884 quidem
633 1826 730 1872 mens
759 1811 911 1873 Athenas
940 1810 1011 1887 ubi,
1043 1813 1081 1871 ut
1110 1812 1144 1871 in
1176 1814 1200 1870 Ζ
1226 1811 1278 1890 flt,
1310 1814 1390 1875 deae

159 1917 271 1992 111111ος
302 1923 413 1983 offerri
443 1922 586 2001 solebat,
613 1919 877 2002 001111111011101
904 1922 1019 1996 Πολιάς
1041 1927 1137 1985 stans
1160 1926 1389 2000 aspiciebatur.

161 2034 368 2110 Quamquam
392 2037 504 2115 igliur,
530 2038 615 2112 quod
638 2038 679 2099 ad
704 2042 833 2100 vestem
858 2039 1007 2100 oblatam
1027 2041 1162 2117 attinet,
1183 2040 1293 2102 cultus
1311 2042 1345 2101 111
1364 2045 1390 2100 Ζ

159 2149 345 2227 descriptus
385 2167 461 2212 oum
495 2153 705 2215 Athenarum
739 2153 797 2214 illo
833 2155 1004 2231 convenit,
1040 2155 1229 2214 statuarum
1263 2155 1391 2217 formae

158 2281 294 2342 prorsus
318 2266 484 2328 differunt.
508 2268 571 2328 Sed
595 2270 629 2328 et
651 2269 757 2329 altera
779 2268 927 2330 oboritur
950 2269 1116 2346 quaestio,
1139 2269 1226 2329 unde
1249 2269 1389 2331 Ilienses

160 2382 276 2455 postea
317 2388 369 2459 τῆς
405 2375 556 2461 Ἐργάνης
590 2383 748 2457 petierint
781 2383 925 2445 formam
959 2385 1105 2444 stantem
1143 2383 1251 2444 colum
1285 2400 1388 2446 manu

159 2495 345 2559 tenentem.

205 2608 357 2683 Erythris
387 2609 420 2670 in
451 2610 578 2672 colonia
601 2612 856 2673 Atheniensium
879 2613 1115 2673 vetustissima
1137 2612 1216 2674 Chio
1240 2615 1390 2690 opposita

162 2723 323 2797 Smyrnae
346 2723 380 2783 in
404 2723 524 2785 vicinia
546 2757 590 2766 —
611 2740 692 2800 quas
711 2726 810 2787 urbes
830 2741 906 2787 cum
925 2725 1063 2786 Homeri
1080 2727 1216 2788 nomine
1238 2728 1387 2789 coniunc-

159 2837 311 2898 tissimas
342 2838 504 2899 attendite
536 2872 576 2883 —-
609 2839 779 2901 colebatur
808 2841 957 2901 Minerva
985 2841 1095 2902 sedena
1118 2842 1226 2902 colum
1249 2846 1388 2917 utraque
1507 2872 1509 2875 ·

161 2965 264 3011 manu
292 2953 410 3014 tenens
440 2951 549 3023 (Paua.
582 2953 656 3030 VII,
682 2956 710 3014 5.
735 2955 777 3024 9).
802 2954 964 3029 Quoniam
987 2955 1146 3031 philologi
1169 2955 1232 3016 hac
1254 2958 1386 3031 quidem

159 3067 194 3126 in
218 3082 253 3127 re
276 3082 351 3127 cum
375 3069 472 3142 poeta
488 3067 606 3142 hymni
627 3067 790 3142 Apollinis
809 3067 952 3146 iaciunt,
973 3069 1059 3142 quod
1078 3070 1270 3146 Smyrnam,
1291 3071 1387 3131 aeoli·

159 3195 234 3241 carn
257 3180 337 3241 olim
360 3181 474 3241 urbem
499 3180 615 3242 deinde
638 3181 783 3242 ionicam
807 3180 930 3256 aliquid
955 3181 989 3242 in
1013 3181 1126 3242 Iliadis
1148 3179 1262 3261 γενέσει
1284 3183 1387 3244 1111000

158 3296 292 3371 putant,
335 3296 458 3356 mirum
499 3309 564 3356 non
605 3295 691 3356 ioret
732 3295 761 3362 01
794 3295 1012 3370 interpolator
1045 3296 1171 3356 ionicus
1203 3297 1385 3371 imaginem

157 3409 325 3470 Minervae
358 3409 529 3470 sedentem
564 3410 742 3484 petivisset
775 3409 940 3485 Erythris.
977 3408 1075 3470 Solus
1110 3425 1252 3488 quoque,
1288 3426 1386 3485 quem

157 3523 330 3584 iliensium
350 3524 498 3584 Minerva
517 3537 619 3584 manu
638 3523 783 3599 tenebat,
805 3521 885 3582 hinc
903 3521 1047 3582 fortasse
1060 3521 1202 3583 devenit.
1217 3523 1385 3598 Imagines

157 3638 310 3698 sedentes
341 3643 374 3699 et
404 3637 483 3698 alibi
508 3637 627 3714 fuisse,
650 3639 731 3712 puta
752 3637 936 3712 Phocaeae,
962 3634 1034 3696 chii
1058 3636 1205 3709 constat;
1230 3637 1385 3710 opinatus

157 3753 210 3811 est
243 3751 473 3826 Eurtwttngler
503 3751 634 3821 (Rosch.
666 3751 746 3812 Lex.
778 3751 794 3809 I
823 3766 853 3826 p.
887 3751 963 3820 690)
988 3750 1131 3810 Athenis
1153 3765 1281 3824 quoque
1305 3750 1384 3812 deae

157 3866 339 3941 imaginem
362 3866 466 3927 fuisse
485 3867 657 3928 sedentem
679 3869 716 3950 et
738 3882 856 3927 revera
878 3869 993 3927 narrat
1015 3866 1199 3929 Pausanias
1222 3867 1258 3943 (I,
1280 3867 1333 3947 26,
1354 3869 1385 3937 4)
1506 3882 1508 3886 ·

156 3980 327 4041 lindosum
349 3978 556 4058 cretensem,
576 3981 632 4054 qui
650 3981 832 4057 imaginem
849 3981 1037 4056 sculpserat
1048 3981 1280 4056 Erythraeam,
1295 3981 1384 4041 simi·

156 4097 224 4157 lem
247 4095 414 4169 quandam
437 4095 571 4157 vovisse
594 4095 746 4157 Athenis.
770 4094 919 4168 Utraque
943 4097 1055 4156 autem
1079 4097 1240 4168 quantum
1259 4095 1384 4156 scimus

156 4210 262 4272 caruit
295 4211 376 4272 colo.
415 4197 538 4285 Quodsi
572 4207 762 4270 Loescheke
795 4204 846 4288 (A.
877 4209 919 4269 M.
950 4208 1385 4279 111301)1ι110001110111111

155 4324 325 4385 Endoeum
356 4325 527 4385 exstitisse
550 4324 660 4385 medio
683 4323 816 4384 saeculo
840 4326 950 4400 sexto,
975 4337 1082 4396 neque
1103 4323 1227 4384 iniuria
1250 4324 1383 4384 conieci·

155 4453 231 4498 mus
254 4439 435 4514 imaginem
459 4439 678 4513 Erythraeam
701 4437 933 4512 interpolatori
954 4436 1029 4497 libri
1053 4439 1078 4510 Z
1097 4437 1201 4509 fuisse
1220 4437 1383 4514 exemplo,

154 4552 311 4612 inventus
341 4554 393 4613 001
423 4551 589 4613 termInus
616 4554 692 4628 post
716 4567 814 4626 quem
838 4566 956 4612 versus
975 4551 1166 4626 interpolati
1187 4551 1222 4611 in
1245 4551 1384 4612 Iliadem

152 4667 231 4726 sunt
253 4667 444 4728 introducti.
464 4666 589 4728 Endoei
609 4681 707 4742 opera
726 4667 889 4742 singulari
909 4669 980 4727 arte
999 4666 1103 4726 fuisse
1122 4666 1267 4741 insignia
1285 4682 1381 4742 appa·

152 4781 203 4840 ret
238 4795 255 4840 0
285 4780 471 4841 Pausaniae
502 4781 611 4842 verbis
642 4780 729 4858 (VII,
759 4782 789 4842 5.
815 4781 861 4857 9),
887 4779 944 4841 ubi
968 4780 1007 4841 de
1030 4779 1176 4857 imagine
1199 4780 1381 4855 Erythraea
