3525 5692
386 693 448 750 124
906 706 947 750 or
969 705 1078 750 amon.

379 877 505 952 cupivit
537 877 719 938 Minervam
746 878 961 940 Locrensium
992 879 1089 939 deam
1112 879 1325 953 genetricem.
1349 879 1457 940 Herus
1480 881 1600 955 autem,

381 991 437 1050 uhi
460 991 545 1052 Aiax
566 990 675 1051 iactus
698 993 763 1067 est,
788 992 885 1052 deam
908 992 1037 1052 laedere
1057 1007 1123 1052 non
1142 992 1265 1068 potuit,
1283 993 1394 1068 rapuit
1412 1006 1490 1052 vero
1509 991 1603 1052 simul

381 1120 457 1165 cum
488 1104 630 1180 palladio
660 1106 746 1179 quod
779 1106 870 1180 virgo
902 1106 1164 1181 amplectebatur
1187 1105 1420 1167 Cassandram.
1445 1104 1603 1166 Homerus

381 1218 512 1290 quidem
531 1219 619 1278 hunc
637 1220 772 1293 raptum
790 1219 967 1294 ignoravit,
987 1219 1045 1278 aad
1067 1217 1192 1278 Priami
1204 1223 1368 1297 θυγατρῶν
1379 1216 1482 1287 σείσας
1496 1214 1605 1294 ἀρίστη,

380 1345 479 1404 quam
513 1346 632 1405 procus
656 1334 770 1406 utpote
800 1327 926 1408 fantino
961 1327 1071 1413 χρυοέρ
1103 1331 1261 1414 Ἀφροδίτῃ
1291 1329 1460 1391 &vitriaco
1491 1331 1604 1392 ducere
1723 1393 1724 1410 ,

382 1443 495 1519 voluit,
526 1444 588 1503 tali
625 1445 708 1505 sorti
738 1445 810 1504 erat
838 1445 1016 1504 destinata.
1047 1445 1132 1504 Nam
1163 1445 1238 1518 quis
1265 1460 1339 1505 eam
1371 1459 1437 1504 non
1461 1443 1605 1519 cupivit?

382 1557 607 1632 Othryoneua,
639 1555 817 1633 Coroebus,
841 1559 1088 1633 Agamemnon,
1114 1557 1185 1632 ipse
1207 1556 1339 1633 Apollo,
1366 1557 1477 1618 Aiax?
1499 1556 1604 1618 Troia·

382 1685 461 1730 nam
479 1669 549 1732 iere
572 1670 734 1731 Helenam
757 1685 833 1731 eam
855 1671 1094 1731 nominaveris.

424 1785 469 1844 At
492 1785 521 1844 si
543 1784 631 1845 ritus
654 1799 672 1845 e
694 1785 829 1845 Locride
852 1785 1107 1859 transmigravit
1130 1785 1163 1844 ln
1189 1785 1322 1861 Asiam,
1347 1801 1365 1845 e
1384 1783 1521 1844 Locride
1539 1784 1606 1858 ipsa

380 1898 410 1957 si
440 1900 492 1958 est
526 1898 697 1973 oriundus,
730 1898 800 1959 iure
823 1899 1004 1975 quaeritur,
1030 1914 1111 1960 num
1134 1899 1219 1961 forts
1244 1899 1386 1973 vestigia
1408 1897 1453 1958 ibi
1476 1899 1606 1960 servata

381 2012 450 2071 sint
480 2012 635 2085 quamvis
669 2012 804 2088 exigua,
841 2011 960 2086 quibus
999 2013 1139 2088 repertis
1173 2013 1343 2073 sententia
1376 2014 1492 2072 nostra
1524 2011 1607 2071 haud

379 2123 548 2186 infirmum
580 2124 736 2185 habitura
765 2124 812 2184 sit
838 2125 1107 2186 fundamentum.
1131 2125 1197 2186 Res
1219 2128 1307 2186 certe
1331 2125 1430 2199 digna
1452 2127 1504 2185 est
1527 2138 1606 2197 quae

377 2239 608 2314 perpendatur,
634 2239 789 2312 quamvls
812 2254 870 2314 pro
890 2240 1056 2315 paucitate
1076 2254 1187 2300 rerum
1203 2238 1419 2300 Locrensium
1435 2237 1530 2297 nohis
1543 2251 1606 2299 ser.

381 2353 535 2412 vaiarom
559 2352 614 2413 vel
637 2352 848 2414 levissimum
874 2354 1033 2415 indicium
1057 2353 1199 2414 maximi
1223 2353 1269 2413 sit
1291 2351 1549 2412 aestimandum.

548 2956 649 3024 XIX.
679 2958 731 3024 Ba
754 2957 976 3024 Dauniarum
999 2955 1148 3039 quodam
1171 2974 1268 3023 more
1292 2955 1452 3023 solemni.

429 3158 467 3217 In
498 3158 594 3219 Libro
624 3159 816 3219 duodecimo
846 3160 1039 3220 Athenaeus
1070 3158 1164 3218 nobis
1194 3158 1308 3217 narrat
1331 3156 1439 3229 Lydus
1462 3154 1608 3216 subacto·
1727 3209 1728 3228 2

385 3286 460 3331 rum
494 3272 678 3332 incolarum
713 3272 871 3333 mulieres
904 3271 989 3350 ὕβρει
1021 3271 1145 3333 eximia
1174 3270 1317 3331 tractare
1347 3268 1464 3330 solitos
1494 3268 1606 3342 fuisse,

385 3385 489 3446 donec
521 3401 587 3447 una
617 3388 735 3447 harum
767 3388 945 3448 mulierum
977 3387 1091 3461 regina
1119 3386 1209 3446 iacta
1232 3385 1414 3445 vindicaret
1438 3383 1608 3444 offensum.

385 3498 552 3572 Lydorum
576 3502 666 3561 enim
690 3499 775 3562 filias
798 3502 907 3562 servis
929 3501 1077 3563 tradidit.

430 3612 593 3689 intelligis
621 3613 720 3673 αἰτίαν
755 3616 808 3675 hic
839 3615 936 3676 nohis
965 3615 1103 3690 proponi
1135 3614 1237 3675 moris
1261 3613 1434 3674 cuiusdam
1458 3610 1552 3685 Lydii
1574 3607 1611 3668 ab

384 3726 551 3788 Herodoto
581 3729 736 3804 descripti
768 3730 858 3789 hisce
883 3729 1008 3789 verbis:
1035 3736 1109 3804 ,rou
1133 3728 1249 3788 Λυδῶν
1273 3725 1373 3804 δήμου
1396 3724 1431 3784 αἱ
1450 3721 1608 3805 θυγατέρες

386 3840 585 3916 πορνεύονται
608 3851 702 3900 rodurn
727 3840 926 3921 συλλέγουσαι
949 3841 1035 3918 σφίσι
1057 3841 1193 3921 φερνάς”
1218 3847 1259 3913 (Α
1283 3843 1349 3913 93).

430 3952 540 4028 Pergit
563 3954 756 4016 Athenaeus
779 3973 810 4033 p.
835 3959 919 4018 516:
950 3954 1008 4033 ,οὐ
1032 3955 1128 4033 μόνον
1153 3951 1186 4015 ri
1209 3955 1324 4016 Λυδῶν
1347 3957 1487 4034 γυναῖκες
1510 3948 1612 4027 ἄφετοι

388 4055 477 4134 οὖσαι
507 4070 569 4138 τοῖς
598 4065 755 4147 ἐντυχοῦσι
785 4068 859 4131 ἀλλὰ
889 4068 940 4130 καὶ
963 4076 1129 4150 Λοκρῶν
1156 4079 1229 4131 τῶν
1250 4065 1542 4147 Ἐπιζεφυρίων
1564 4055 1612 4123 καὶ

387 4178 510 4240 πάντων
538 4179 639 4255 ἀτελῶς
669 4193 729 4244 τῶν
755 4182 913 4268 ἑταιρισμῷ
937 4182 1002 4257 τὰς
1026 4182 1177 4245 ἑαυτῶν
1199 4183 1320 4264 κόρας
1343 4180 1609 4259 ἀφοσιούντων

388 4298 543 4369 παλαιᾶς
573 4319 681 4371 τινος
704 4298 848 4378 ὕβρεως
872 4297 1006 4360 ἐόιιιεν
1030 4292 1135 4358 εἶναι
1159 4296 1255 4377 πρὸς
1279 4295 1472 4375 ἀλήθειαν
1496 4291 1610 4367 ὑπόρ-

389 4431 491 4486 νημοι
515 4410 578 4472 καὶ
601 4413 802 4492 τιμωρία”.

433 4525 590 4588 solebant
620 4528 722 4603 igitur
752 4529 923 4588 Athenaeo
954 4530 1089 4590 auctore
1118 4529 1300 4588 Locrenses
1330 4523 1539 4602 Epizephyrii
1565 4516 1611 4589 τὰς

387 4637 479 4717 κόρας
511 4638 663 4716 deceroto
694 4638 868 4722 ἑταιρισμῷ,
899 4644 996 4715 atque
1019 4642 1051 4702 id
1075 4641 1115 4702 oh
1138 4640 1247 4702 scelus
1271 4639 1403 4713 aliquod
1427 4638 1506 4711 olim
1529 4650 1609 4698 com·

389 4755 541 4814 missum.
572 4754 634 4816 Sed
664 4754 720 4814 uhi
751 4755 896 4831 loquitur
925 4755 1117 4846 Athenaeus
1140 4755 1180 4816 de
1203 4752 1432 4834 Epizephyriie
1455 4765 1520 4812 non
1543 4762 1610 4825 pos·
