3525 5692
720 728 762 778 DE
785 731 896 778 Arbore.

693 1062 754 1131 IV.
780 1055 925 1131 Αἴαντε.

1041 1253 1084 1309 ,et
1100 1263 1160 1298 oum
1178 1247 1285 1297 Castore
1301 1245 1421 1295 Pollnx”.

241 1481 334 1544 Nunc
365 1485 518 1546 venimus
549 1486 589 1546 ad
620 1485 712 1548 illam
743 1485 907 1559 fabulam,
938 1487 972 1548 in
996 1502 1061 1562 qua
1083 1485 1169 1547 Aiax
1193 1482 1328 1545 sibimet
1349 1482 1420 1558 ipse

196 1598 338 1658 mortem
368 1599 570 1661 conscivisse
593 1601 801 1677 tradebatur3
826 1615 911 1675 quae
929 1600 1055 1677 rabula,
1076 1601 1114 1660 ut
1132 1601 1200 1661 iam
1220 1612 1321 1673 supra
1339 1595 1420 1656 dixi·

195 1725 285 1787 mus,
309 1711 403 1772 illam
423 1712 464 1774 de
486 1713 557 1776 eius
577 1711 706 1798 ἀτρωτίᾳ
723 1717 773 1777 sic
791 1717 952 1793 mutavit,
973 1717 1010 1776 ut
1030 1730 1115 1777 unus
1135 1715 1255 1775 saltem
1276 1711 1421 1807 corporis

194 1825 287 1887 locus
310 1827 527 1906 exciperetur,
547 1844 611 1904 quo
634 1827 758 1891 ferrum
778 1804 969 1892 intromitti
982 1832 1105 1906 posset.

240 1937 378 2016 Rogaris
412 1921 521 2004 annon
558 1943 598 2004 ab
632 1944 740 2021 initio,
765 1945 821 2018 qui
843 1945 980 2007 Aiacem
1003 1941 1135 2022 ἄτρωτον
1159 1941 1222 2003 sibi
1244 1939 1420 2016 fingerent,

195 2055 297 2116 talem
330 2057 520 2132 exceperint
549 2056 675 2135 locum,
707 2072 783 2119 cum
813 2059 887 2134 ipsa
914 2074 968 2119 res
991 2058 1105 2133 ferret,
1130 2056 1305 2130 aliquando
1328 2053 1423 2115 Aiaci

197 2168 304 2229 iatum
335 2169 511 2231 institisse.
543 2171 643 2232 Heroi
674 2147 806 2247 quidem
835 2172 945 2234 Aiaci!
970 2171 1054 2234 Nam
1079 2186 1120 2233 an
1144 2172 1230 2260 {orte
1253 2171 1339 2231 Aiax
1364 2168 1421 2229 ali-

197 2285 328 2357 quando
363 2285 437 2361 plus
469 2301 568 2362 quam
596 2289 694 2349 heros
716 2287 817 2349 fuerit
840 2291 940 2362 atque
963 2289 1040 2349 inde
1062 2288 1134 2349 eius
1156 2283 1288 2365 ἀτρωσία
1311 2285 1345 2345 in
1369 2297 1425 2344 ore

197 2397 307 2475 populi
330 2403 543 2478 remanserit,
565 2417 644 2462 mox
656 2416 862 2477 quaeremus.
875 2403 913 2462 Id
925 2417 1001 2463 vero
1013 2402 1117 2462 statui
1129 2402 1255 2477 potest:
1270 2399 1424 2471 antiquos

198 2527 366 2587 nunquam
397 2531 473 2576 eum
503 2517 567 2577 sibi
597 2515 736 2578 fluxisse
766 2518 890 2578 heroem
920 2517 1070 2591 Aiacem,
1104 2515 1156 2576 cui
1187 2513 1258 2575 vita
1288 2515 1424 2573 aeterna

197 2629 287 2689 esset
317 2628 492 2690 destinata.
524 2629 669 2691 simulac
692 2631 795 2706 igitur
818 2645 953 2691 narrare
975 2630 1166 2705 inceperunt
1185 2629 1272 2688 hunc
1290 2628 1424 2688 heroem

197 2740 306 2817 gladio
332 2741 535 2821 incubuisse,
561 2759 626 2805 non
649 2747 789 2821 poterat,
813 2745 893 2820 quin
917 2742 1010 2805 locus
1034 2741 1248 2805 vulnerabilis
1270 2742 1305 2801 in
1328 2739 1428 2802 Aiace

198 2851 318 2940 ἀτρώτῳ
342 2860 566 2930 quaereretur.

243 2970 319 3048 Sed,
345 2972 410 3032 nisi
432 2973 546 3034 omnia
567 2988 629 3034 nos
651 2970 783 3051 fallunt,
809 2971 942 3036 exstitit
965 2973 1140 3047 aliquando
1159 2971 1311 3046 mythus,
1332 2967 1427 3030 cuius
1452 2986 1455 2991 ·

199 3085 284 3160 apud
304 3085 488 3148 Homerum
512 3089 692 3162 supersunt
716 3086 874 3164 vestigia,
899 3088 932 3147 in
957 3100 1021 3160 quo
1041 3088 1129 3149 Aiax
1148 3121 1189 3132 -
1209 3101 1274 3146 non
1287 3085 1429 3145 dicimus

199 3198 332 3260 heroem
358 3233 398 3244 -
420 3196 549 3279 ἄτρωτος
569 3200 746 3263 haberetur
765 3216 871 3275 neque
891 3204 1006 3264 tamen
1027 3203 1098 3262 vita
1108 3203 1244 3262 aeterna
1255 3199 1428 3260 frueretur.

199 3311 280 3385 Quid
311 3314 416 3388 enim,
444 3314 474 3374 si
497 3315 626 3390 priscus
650 3315 706 3376 ille
729 3315 816 3376 Aiax
839 3330 905 3375 non
929 3313 1037 3390 gladio
1060 3316 1170 3391 periit,
1191 3314 1248 3375 sed
1272 3313 1427 3374 fluctibus

199 3426 378 3487 immersus
409 3427 462 3488 vel
493 3428 628 3503 rupibus
660 3430 782 3491 evolsis
813 3432 989 3502 coopertus
1009 3431 1168 3490 evanuit?
1190 3430 1306 3492 Nonne
1329 3430 1428 3489 huius

199 3541 309 3615 mythi
349 3541 516 3604 Homerus
557 3545 707 3605 servavit
747 3545 960 3605 rudimenta?
1002 3544 1116 3605 Nonne
1157 3542 1300 3618 legimus
1342 3543 1427 3618 apud

199 3654 384 3717 Homerum
409 3656 543 3717 Aiacem
568 3659 652 3733 apud
676 3658 781 3733 Gyras
804 3661 918 3719 cautes
940 3659 973 3718 iu
998 3659 1129 3732 Aegaeo
1152 3657 1315 3733 periisse?

245 3767 397 3842 ,Heusl”
427 3769 554 3846 inquis,
580 3771 690 3846 ,vide,
715 3771 792 3844 quid
816 3771 934 3847 iacias,
960 3773 1139 3833 narrantur
1163 3771 1245 3832 haec
1267 3771 1307 3832 de
1327 3766 1427 3832 Aiace

200 3879 337 3942 minore.
363 3880 450 3942 Cave
473 3898 514 3943 ne
538 3898 614 3945 oum
638 3885 764 3946 maiore
787 3886 950 3947 minorem
975 3887 1193 3949 confundasi’'
1315 3961 1318 3967 ι

244 3994 367 4072 Immo,
403 3996 546 4057 scientes
580 3998 731 4060 volentes
762 4014 846 4072 quae
881 4000 921 4060 de
955 4001 1055 4062 Aiace
1091 4003 1218 4062 minore
1253 3999 1428 4062 traduntur

197 4108 430 4171 transierimus
453 4126 519 4172 non
541 4111 575 4173 in
599 4114 774 4189 maiorem,
800 4114 859 4174 sed
881 4115 915 4175 in
938 4115 1134 4192 primarium
1157 4116 1252 4176 illum
1276 4116 1425 4192 Aiacem,

200 4239 217 4286 e
248 4239 312 4298 quo
343 4227 414 4286 tam
444 4228 551 4288 maior
581 4242 680 4302 quam
711 4231 822 4290 minor
860 4230 1048 4292 homericus
1075 4230 1208 4306 prodiit.
1241 4229 1428 4291 statuimus

199 4336 294 4399 illum
318 4339 513 4414 primarium
537 4341 641 4404 fuisse
663 4339 808 4423 ἄτρωτον,
831 4345 1013 4407 conicimus
1036 4349 1181 4408 mortem
1206 4361 1282 4408 eum
1308 4344 1431 4406 obiisse

199 4466 266 4512 non
287 4452 445 4514 humanis
468 4456 526 4516 sed
548 4457 670 4518 divinis
694 4457 819 4519 viribus
843 4460 1078 4535 perdomitum.

243 4566 446 4630 Evolvamus
469 4570 666 4633 Homerum.

244 4680 430 4744 Homericis
453 4685 487 4744 in
511 4685 712 4747 carminibus
736 4687 818 4749 duos
841 4686 1032 4750 invenimus
1055 4688 1189 4768 Aiaces,
1211 4689 1429 4751 Salaminium

199 4795 232 4857 et
251 4795 465 4875 Locrensem,
485 4798 538 4860 vel
557 4799 682 4878 potius,
703 4803 739 4863 ut
759 4803 799 4863 de
818 4802 1187 4883 Salaminetaceamus,
1201 4804 1429 4866 Telamonium
