3525 5692
561 730 603 774 na
626 727 845 774 nuofflorrs
867 686 1063 773 rnnnsouu.
1355 707 1418 773 207

196 900 346 977 Proolus,
368 901 472 962 inisse
493 899 600 962 fllium
619 901 730 961 Ulixis
747 896 779 972 1).
799 901 866 961 Nos
886 915 964 960 vero
982 899 1119 961 Homeri
1137 914 1295 960 versuum
1309 899 1422 975 aito,
1485 929 1508 962 „-

199 1016 237 1071 M
261 1015 324 1074 129
358 1029 523 1074 memores
553 1016 680 1075 scimus
709 1029 786 1075 eum
815 1013 920 1074 ruisse
949 1014 1124 1087 Lapitham
1155 1012 1293 1072 Pirithoi
1317 1010 1421 1072 fllium

197 1142 239 1187 ex
268 1128 489 1205 Hippodamia
518 1132 628 1190 ortum
644 1124 685 1202 Ἢ
708 1129 795 1203 quod
818 1126 992 1188 confirmat
1015 1127 1197 1188 Pausanias
1220 1127 1275 1204 (X,
1302 1128 1355 1202 26,
1380 1127 1422 1202 2),

196 1242 253 1315 qui
281 1242 316 1301 in
347 1243 490 1303 Lesches
519 1243 740 1319 descriptione
770 1257 807 1302 se
830 1242 954 1302 vidisse
976 1241 1022 1301 ait
1046 1240 1260 1317 Polypoetem
1284 1227 1423 1301 Pirithoi

196 1353 303 1415 filium
335 1353 495 1432 δεδεμένον
524 1353 580 1432 τὴν
608 1353 744 1432 κεφαλὴν
773 1354 886 1437 ταινίρι,
908 1353 959 1414 καὶ
982 1349 1049 1430 παρ’
1076 1353 1170 1415 αὐτὸν
1192 1355 1321 1433 Ἀκάμας
1344 1334 1422 1415 ἐστίν

196 1464 212 1527 ὁ
246 1467 377 1546 Θησέως.
408 1469 488 1531 Erat
517 1471 619 1545 igitur
641 1469 839 1546 Polypoetes
860 1469 987 1544 origine
1014 1468 1175 1531 Thmsolus
1190 1463 1224 1538 ⁸).
1249 1470 1423 1546 Quaeritur

195 1582 304 1658 igitur,
329 1584 492 1658 quomodo
514 1583 694 1644 Thessalus
715 1584 748 1644 in
774 1583 1005 1659 Thesprotiam
1029 1585 1199 1644 aberrarit.

240 1697 266 1756 El
292 1697 363 1757 loeo
386 1697 572 1758 Pausaniae
594 1700 778 1772 hucusque,
802 1696 889 1770 quod
912 1697 1029 1773 sciam,
1055 1711 1120 1757 non
1143 1696 1226 1757 satis
1248 1696 1423 1759 observato

195 1810 272 1870 huie
294 1811 482 1884 quaestioni
503 1825 699 1887 responsum
719 1812 771 1871 est
789 1811 978 1887 petendum.
999 1811 1155 1886 Legimus
1173 1813 1261 1872 enim
1281 1813 1378 1874 Paus.
1392 1815 1421 1887 Ι,

200 1925 250 2001 17,
264 1926 300 1985 4:
318 1922 368 2002 ,ές
389 1921 421 1985 δέ
440 1923 494 2002 τὴν
513 1923 651 2002 τελευτὴν
668 1922 725 2001 τὴν
746 1922 868 2003 Θησέως
887 1921 981 1985 πολλὰ
1000 1922 1060 2003 ἤδη
1080 1923 1130 1984 nul
1150 1923 1205 2006 οὐχ
1217 1923 1421 2008 ὁμολογοῦντα

196 2036 317 2116 εἴρηται
349 2035 493 2099 δεδέσθαι
523 2060 553 2099 τε
582 2037 639 2118 γὰρ
669 2036 763 2099 αὐτὸν
792 2034 915 2118 λέγουσι
946 2035 976 2110 ές
996 2038 1065 2098 τόδε
1087 2035 1142 2110 ἕως
1165 2033 1216 2116 ὑφ’
1238 2035 1421 2120 Ἡρακλέους

195 2147 404 2231 ἀναχθείη.
437 2151 636 2213 πιθανώτατα
668 2147 701 2212 δὲ
732 2143 775 2212 ὧν
805 2148 933 2230 ἤκουσα·
964 2151 1081 2230 Θησεὺς
1105 2151 1134 2226 ἐς
1160 2155 1420 2234 Θεσπρωτοὺς

194 2261 344 2343 ἐμβαλών,
364 2273 433 2326 τοῦ
455 2263 647 2345 βασιλέως
670 2275 744 2326 τῶν
770 2267 1011 2346 Θεσπρωτῶν
1031 2272 1203 2346 γυναῖκα
1222 2266 1422 2350 ἁρπάσων,
1461 2276 1476 2298 ⁹

194 2377 227 2439 τὸ
257 2379 336 2440 πολὺ
365 2388 417 2457 τῆς
444 2390 582 2460 στρατιᾶς
612 2379 707 2452 οὕτως
737 2377 898 2458 ἀπόλλυσι,
929 2377 980 2440 καί
1010 2379 1101 2452 αὐτός
1124 2403 1154 2442 τε
1177 2381 1229 2443 καί
1253 2384 1421 2464 Πειρίθους

199 2490 327 2572 ἥλωσαν,
347 2491 399 2554 καί
418 2491 554 2572 σφᾶςδ
581 2492 810 2575 Θεσπρωτὸς
834 2494 957 2573 δήσας
980 2487 1084 2574 εἶχεν
1108 2493 1141 2556 έν
1165 2497 1318 2583 Κιχύρῳ”.
1342 2500 1422 2560 The·

195 2623 273 2669 seus
294 2609 396 2684 igitur
418 2611 450 2670 et
474 2609 641 2670 Pirithous
660 2610 694 2670 in
713 2609 945 2686 Thesprotiem
964 2612 1160 2672 invaserunt
1177 2615 1265 2686 regis
1284 2629 1421 2674 uxorem
1458 2681 1461 2699 ι

196 2723 338 2797 rapturi3
369 2724 427 2783 sed
458 2738 577 2799 aroge
600 2724 689 2799 capti
710 2725 743 2784 in
768 2723 911 2785 vinculis
933 2728 1012 2785 sunt
1034 2726 1170 2786 servati.
1194 2726 1428 2802 Unusquisque

198 2838 307 2897 autem
316 2837 519 2911 recordatus,
533 2839 697 2910 quomodo
709 2837 857 2898 Theseus
868 2838 1033 2913 quondam
1048 2853 1122 2899 oum
1135 2839 1282 2900 Pirithoo
1295 2841 1427 2901 deseen-

199 2951 282 3013 derit
304 2953 345 3012 ad
368 2952 495 3013 inferos
517 2955 554 3012 ut
578 2953 809 3028 Proserpinam
833 2955 980 3029 raperet,
1006 2953 1160 3013 meminit
1183 2953 1301 3015 heroes
1322 2954 1426 3016 fuisse

197 3066 326 3127 vinetus
356 3067 390 3126 in
416 3081 514 3140 saxo,
539 3066 596 3126 ubi
617 3067 766 3127 Theseus
789 3066 934 3128 sedisset
955 3068 989 3129 in
1013 3069 1186 3128 aeternum
1211 3067 1319 3142 (Verg.
1343 3070 1432 3129 Aen„

197 3179 251 3254 VI,
276 3182 353 3250 617)
376 3182 441 3241 nisi
463 3180 624 3242 Hercules
647 3196 724 3242 eum
753 3177 877 3252 έξέσωσε
900 3180 942 3252 είς
966 3180 1046 3258 φάος
1066 3190 1182 3260 νεκρῶν
1202 3181 1283 3257 πάρα
1304 3183 1426 3259 (Eurip.

198 3294 294 3355 Hero.
322 3296 429 3365 1222).
464 3295 489 3355 Ε
523 3295 642 3370 quibus
677 3300 813 3372 apparet
844 3297 909 3356 iter
939 3295 1020 3356 illud
1051 3299 1084 3356 in
1115 3296 1347 3371 Thesprotiam
1379 3295 1426 3356 nil

198 3409 288 3470 aliud
323 3425 397 3470 esse
427 3424 526 3483 quam
556 3408 725 3488 κατάβασιν
755 3409 797 3481 εἰς
812 3405 938 3487 Ἅιδου,
967 3409 1020 3470 vel
1044 3413 1082 3470 ut
1104 3412 1191 3471 idem
1215 3410 1291 3470 aliis
1314 3411 1426 3470 verbis

197 3523 319 3599 dicam,
355 3522 568 3599 Thmprotiam
597 3527 723 3584 terram
754 3523 954 3600 fabulosam,
980 3526 1161 3600 remotam,
1187 3523 1426 3585 occidentalem

198 3637 343 3711 antiquis
376 3637 479 3698 luisse
514 3653 650 3714 requam
684 3637 788 3699 Hodis
821 3638 1004 3699 interorum
1040 3638 1137 3713 regis.
1168 3637 1257 3714 Quod
1289 3638 1318 3697 si
1352 3637 1426 3711 quis

197 3749 305 3812 adhue
327 3752 473 3828 dubitat,
497 3753 632 3813 evolvat
656 3753 740 3813 mihi
763 3753 849 3813 Plut.
874 3753 940 3814 Vit.
965 3753 1083 3812 Thesei
1104 3769 1130 3812 o.
1153 3753 1210 3828 31,
1234 3752 1290 3811 ubi
1314 3751 1424 3826 legun·

195 3866 251 3924 tur
272 3865 370 3926 haec:
398 3864 508 3942 ,αὐτὸς
531 3865 673 3944 (Θησεύς)
697 3863 729 3926 δὲ
749 3866 889 3950 Πειρίθῳ
909 3865 965 3944 τὴν
984 3864 1158 3944 ὑπουργίαν
1178 3862 1362 3941 ἀποδιδοὺς,
1381 3863 1422 3935 είς

191 3974 380 4059 Ἤπειρον
412 3980 665 4060 συναπεδήμησεν
696 3979 745 4042 έπέ
768 3979 824 4059 τὴν
847 3978 1060 4053 Πιδωνέως
1082 3977 1251 4060 θυγατέρα,
1274 3964 1328 4040 τοῦ
1352 3981 1423 4039 Μο-
1482 3999 1489 4010 ·

196 4097 313 4155 λοσσῶν
336 4094 492 4173 βασιλέως·
516 4090 550 4168 δς
572 4105 608 4180 τῇ
631 4093 755 4174 γυναικί
778 4095 1041 4176 Περσεφόνην
1065 4093 1163 4173 ὄνομα
1185 4091 1332 4172 θέμενος,
1354 4092 1423 4153 Κό-

198 4231 272 4286 ρην
292 4205 325 4268 δέ
344 4220 380 4295 τῇ
398 4209 544 4291 θυγατρί,
562 4221 602 4293 τῷ
624 4206 656 4270 δέ
675 4208 745 4271 κυνί
765 4209 989 4291 Κέρβερον,
1007 4208 1078 4282 τοὺς
1097 4206 1164 4289 περὶ
1183 4206 1235 4269 τὸν
1252 4207 1423 4288 Πειρίθουν

234 4442 252 4510 1)
270 4460 284 4494 o
299 4445 423 4495 Callidioe
440 4448 550 4505 soilioet,
567 4461 626 4496 oum
644 4451 735 4508 postea
751 4449 778 4495 in
795 4460 904 4508 rognum
922 4445 980 4495 sius
995 4447 1159 4510 suooosserit.

228 4534 249 4600 ¹)
267 4536 305 4586 Oi.
323 4541 506 4596 argumentum
523 4548 569 4586 τοι
586 4543 693 4596 Νόστων,
708 4540 754 4586 ubi
774 4537 930 4598 Polypoetes
944 4539 1022 4585 Troia
1036 4549 1157 4586 reversus
1172 4550 1230 4585 oum
1246 4536 1424 4585 Oalohsutoet

194 4630 311 4678 Leontoo
327 4629 359 4692 (Β
377 4628 437 4693 ⁷45)
455 4632 581 4679 Tiresiam
598 4632 738 4690 sepeliunt.
755 4626 858 4693 (Kinlrol
877 4630 979 4689 Tragm.
997 4628 1072 4690 Epio.
1090 4631 1181 4677 (irase.
1199 4630 1212 4677 1
1230 4629 1263 4675 ad
1279 4623 1351 4691 lou).

227 4719 250 4782 ³)
267 4723 367 4772 Wilsm.
384 4725 461 4772 Hom.
479 4724 582 4773 Untors.
600 4737 626 4783 p.
641 4725 703 4770 ill:
721 4724 780 4784 ,Wo
794 4721 837 4770 oin
852 4723 1033 4770 Heroounsme
1042 4721 1248 4770 foatsitztindor
1257 4720 1423 4778 ernestone,

193 4815 227 4861 da
246 4815 371 4862 hotmen
388 4816 438 4864 den
455 4817 539 4864 Herus
555 4829 589 4863 zu
606 4811 731 4863 suehen.”
749 4815 813 4862 Vide
830 4814 913 4861 thor
929 4811 957 4860 in
974 4814 1069 4861 Rosoh.
1087 4812 1149 4860 Lex.
1168 4825 1188 4858 a.
1206 4826 1229 4860 v.
