3525 5692
372 667 415 728 52
899 680 940 725 oa
961 679 1074 726 Auca.

371 868 414 914 ex
433 869 473 916 ea
491 857 650 930 genuerat
669 856 826 918 Aeacum.
848 853 912 916 Hic
930 853 1073 915 duxerat
1090 852 1271 914 lindsidom
1284 852 1429 914 Scironis
1440 850 1543 914 tiliam
1557 885 1599 897 -—

371 972 423 1032 est
445 971 635 1032 Sciradeum
660 969 842 1031 Salaminis
865 967 1133 1044 promunturium
1155 1001 1195 1012 -
1216 967 1304 1029 unde
1327 970 1427 1029 natus
1449 967 1600 1044 Telamo,

370 1085 425 1158 qui
449 1083 652 1145 Salaminius
674 1083 777 1162 igitur
799 1083 984 1144 secundum
1007 1082 1095 1142 hanc
1117 1081 1266 1143 rabulam
1289 1083 1362 1144 init.

413 1198 576 1274 Vidimus,
596 1200 651 1272 qul
671 1195 887 1274 amplificatio
903 1196 1035 1258 rabulae
1046 1197 1204 1272 Rhodiae,
1221 1212 1394 1271 quaecum
1411 1196 1599 1272 Tlepolemo

368 1313 552 1388 inceperat,
587 1326 668 1372 mox
701 1311 814 1386 plures
845 1313 962 1373 heroes
986 1311 1266 1373 introduxeritis
1292 1311 1442 1372 Iliadem.
1465 1310 1601 1372 Telamo

367 1425 513 1501 exempli
542 1425 649 1500 gratia
680 1425 766 1486 haud
798 1425 896 1485 dubie
919 1424 1159 1500 aliquantisper
1183 1425 1387 1486 carminibus
1409 1425 1600 1486 Salaminiis

367 1542 420 1600 est
441 1537 635 1600 celebratus.
661 1538 799 1600 Saeculo
824 1553 902 1599 voro
926 1541 1039 1614 sexto,
1063 1541 1240 1613 postquam
1264 1540 1486 1600 Athenienses
1505 1554 1596 1600 occu-

367 1655 487 1728 parunt
510 1652 714 1714 Salaminem
738 1652 941 1728 phylamqns
964 1651 1156 1712 Aiantidem
1183 1653 1303 1714 ceteris
1326 1668 1446 1714 norem
1470 1652 1597 1714 addide-

366 1770 457 1844 runt,
493 1767 669 1828 Aiantidao
698 1767 816 1828 heroes
848 1781 929 1827 suos
958 1780 1078 1827 omnes
1101 1798 1137 1808 -
1167 1765 1381 1828 Telamonem
1405 1781 1533 1840 quoque
1556 1801 1596 1810 —

362 1882 396 1940 in
419 1881 558 1941 iliadem
582 1882 685 1958 recipi
715 1880 905 1942 voluerunt.
935 1881 1050 1956 ,Auch
1070 1881 1125 1940 ein
1144 1881 1307 1942 attischss
1324 1881 1448 1944 scolion
1472 1882 1597 1957 spricht

280 2033 304 2068 a
364 1996 416 2057 die
439 1996 582 2057 tendsnz
605 1996 856 2058 unumwunden
879 2010 959 2056 aue:
987 1992 1058 2070 ,siv
1085 1997 1249 2072 Τελαμῶνα
1271 2003 1406 2073 πρῶτον,
1429 1993 1544 2054 Αἴαντα
1565 1991 1597 2054 ei

365 2108 506 2188 δεύτερον
530 2106 559 2181 ἐς
586 2110 699 2188 Τροΐαν
722 2105 862 2188 λέγουσιν
883 2106 986 2168 ἐλθεῖν
1006 2110 1140 2167 Δαναῶν
1159 2104 1382 2185 antiquita&
1408 2108 1474 2170 Deli
1497 2109 1594 2170 Hera·

364 2223 437 2286 kles
471 2224 530 2284 hat
565 2238 644 2284 man
678 2223 750 2284 hier
785 2237 870 2298 ganz
902 2237 1100 2298 vergessen;
1132 2221 1240 2284 solbet
1268 2222 1439 2284 Achilleus
1467 2223 1513 2282 ist
1534 2237 1595 2282 nur

364 2353 483 2400 annox.
508 2339 551 2398 So
574 2344 694 2411 mugen
718 2336 771 2396 die
794 2335 1042 2397 nachlrommen
1065 2337 1124 2398 des
1145 2336 1334 2411 Turysalres
1357 2336 1435 2397 oder
1453 2336 1597 2396 Philaios

365 2467 536 2527 gesungen
561 2450 701 2512 haben”.
725 2449 965 2520 (Wilamowita
988 2449 1153 2511 Herakles
1175 2466 1206 2525 p.
1232 2451 1296 2522 32).

410 2564 571 2640 Quidquid
606 2564 709 2639 igitur
743 2563 880 2624 Telamo
916 2559 931 2622 t
967 2560 1082 2642 ἀγαυός
1116 2564 1180 2624 luit
1213 2566 1394 2637 antequam
1429 2563 1596 2625 Salamine

365 2679 465 2739 heros
485 2677 621 2738 habitus
645 2679 697 2738 est
720 2678 819 2751 atque
839 2679 935 2754 patre
957 2676 1004 2737 ibi
1026 2692 1109 2738 usus
1126 2680 1180 2738 est
1201 2679 1324 2753 Aeaco,
1349 2679 1406 2752 qui
1430 2679 1463 2739 et
1485 2679 1554 2753 ipsa
1579 2693 1596 2738 e

364 2791 537 2852 Thessalia
561 2790 613 2851 vel
637 2792 726 2852 certe
750 2806 767 2852 e
791 2791 925 2865 regione
949 2790 1085 2852 italiana
1109 2791 1312 2852 Salaminem
1338 2791 1532 2867 emigraret,
1552 2823 1596 2834 -

362 2905 543 2965 statuimus
562 2904 624 2966 hac
643 2920 685 2964 ex
704 2904 816 2966 insula
835 2906 869 2965 in
890 2905 984 2965 cuius
1005 2904 1126 2964 vicinia
1145 2905 1300 2977 quattuor
1317 2903 1596 2965 nominaaliunde

363 3018 515 3093 oriunda,
546 3019 689 3094 Aeacus,
722 3018 872 3094 Telamo,
898 3017 998 3094 Aiax,
1023 3018 1161 3093 Teucer,
1188 3017 1396 3092 genealogice
1420 3018 1596 3080 coniuncta

363 3133 470 3206 erant,
491 3130 680 3192 Telamonis
700 3146 822 3192 nomen
842 3146 910 3192 una
929 3146 1004 3192 cum
1024 3130 1345 3191 PhilaidisAthenas
1357 3130 1594 3205 commigrasse

363 3246 461 3318 atque
479 3244 524 3305 ibi
544 3260 563 3305 a
582 3245 758 3320 rhapsodis
777 3245 811 3305 in
829 3245 970 3305 iliadem
994 3259 1068 3305 esee
1092 3243 1270 3305 insertum.
1292 3244 1404 3316 Neque
1427 3243 1594 3304 abundant

361 3358 434 3419 loci'
449 3358 505 3418 ubi
529 3361 816 3419 commemoratur
840 3358 878 3427 (Θ
899 3358 975 3434 283,
1002 3358 1036 3416 N
1056 3358 1129 3433 177,
1156 3357 1274 3433 Pata,
1300 3357 1420 3432 Pasa,
1444 3360 1461 3415 l
1484 3359 1570 3427 553).

407 3471 471 3532 Sed
507 3470 695 3547 Τειαμώνιοι
727 3472 760 3531 in
798 3472 945 3531 carmine
976 3470 1068 3545 spico
1100 3470 1257 3532 dicuntur
1287 3472 1357 3530 tarn
1382 3469 1468 3531 Aiax
1492 3485 1590 3546 quam

360 3583 494 3646 Teucer.
529 3585 611 3646 Tam
645 3584 733 3644 Aiax
768 3599 868 3658 quam
905 3583 1029 3644 Teucer
1061 3583 1229 3644 Salamine
1260 3583 1394 3644 demum
1425 3583 1591 3644 ininsula

360 3698 440 3758 iacti
463 3700 542 3759 sunt
566 3697 761 3758 Telamonii.
793 3697 966 3757 Salaminii
994 3699 1109 3758 autem
1133 3696 1288 3772 rhapsodi
1310 3698 1486 3759 tantumne
1508 3697 1591 3758 vale-

361 3810 454 3886 bant,
479 3814 516 3872 ut
540 3824 726 3886 cognomen
746 3809 930 3871 Telamonii
953 3811 986 3870 in
1012 3810 1115 3873 Iliade
1134 3824 1209 3870 cum
1231 3808 1420 3870 nominibus
1438 3810 1538 3871 Aiace
1558 3813 1592 3872 et

361 3923 486 3984 Teucro
509 3924 555 3984 ibi
578 3939 636 3998 per
660 3922 832 3997 complura
855 3922 990 3983 saecula
1013 3922 1121 3985 obviis
1145 3922 1343 3997 coniungere
1362 3924 1523 3998 possent?
1541 3925 1592 3984 An

359 4036 392 4097 id
414 4037 622 4113 perfecerunt
645 4036 803 4112 rhapsodi
823 4037 1048 4098 Athenienses
1067 4037 1243 4111 postquam
1263 4035 1432 4096 Philaidae
1451 4036 1592 4098 Athenis

358 4164 530 4211 summum
548 4137 659 4212 locum
677 4151 908 4225 occuparunt?
928 4149 1065 4210 Saeculo
1082 4149 1185 4231 igitur
1197 4150 1315 4210 sexto?
1335 4149 1454 4224 Ecquis
1466 4150 1592 4210 credit?

403 4263 437 4323 Si
468 4263 544 4337 quid
576 4264 740 4339 videmus,
773 4263 858 4324 Aiax
889 4265 924 4323 et
952 4262 1076 4323 Teucer
1103 4263 1137 4322 in
1161 4261 1262 4322 iliade
1285 4264 1362 4322 ante
1387 4261 1589 4323 vocabantur

360 4375 545 4450 Telendena
587 4391 686 4450 quam
730 4375 873 4453 Τελαμών
916 4377 987 4451 ipae
1028 4375 1139 4436 iocum
1181 4375 1215 4436 in
1257 4376 1403 4436 carmine
1434 4375 1586 4439 obtinuit.

355 4489 478 4550 Statim
497 4489 588 4549 enim
608 4503 684 4549 cum
703 4488 737 4548 iu
754 4488 902 4549 carmine
922 4487 1054 4549 obviam
1075 4487 1140 4548 sibi
1159 4488 1303 4549 fuissent
1315 4489 1400 4548 Aiax
1414 4488 1589 4550 Locrensis

355 4604 388 4661 et
411 4602 497 4663 Aiax
519 4601 589 4676 ille,
609 4602 664 4673 qui
684 4601 855 4662 Locridem
876 4617 952 4662 cum
976 4602 1110 4676 regione
1134 4601 1290 4663 Saronico
1310 4603 1399 4662 sinui
1418 4602 1588 4664 adiacente

353 4717 607 4791 commutasset,
633 4715 772 4776 heroum
793 4713 1089 4776 discernendorum
1110 4731 1212 4778 causa
1230 4730 1367 4777 necesse
1387 4717 1450 4781 tuit
1470 4715 1590 4778 addere
