3525 5692
410 720 473 779 164
538 737 541 743 ·
913 733 955 777 on
978 732 1127 778 casuris.

354 967 357 970 ,
404 911 485 967 tunc
518 906 653 965 demum
690 905 811 965 vivitur
846 918 920 964 cum
952 905 1067 964 tardas
1097 904 1165 963 dux
1196 906 1305 978 gregis
1335 905 1423 966 inter
1446 921 1527 966 oves
1549 906 1628 967 solis

405 1020 655 1080 vehementiam
684 1018 786 1078 nimis
817 1018 872 1078 diu
903 1032 1080 1092 perpessus
1104 1019 1217 1078 animo
1240 1021 1335 1092 grato
1358 1021 1498 1094 suspicit
1521 1020 1626 1082 lucem

403 1133 578 1193 candidam
611 1131 703 1192 illius
732 1132 825 1206 deae,
858 1145 942 1203 quae
973 1131 1076 1191 astris
1110 1131 1296 1191 innumeris
1329 1133 1453 1208 stipata
1487 1135 1629 1208 pastoris

403 1250 490 1308 inter
520 1261 653 1321 gregem
686 1245 851 1304 versantis
880 1244 1063 1318 imaginem
1094 1243 1215 1304 reterre
1247 1246 1377 1305 videtur
1399 1246 1472 1321 ipsa
1497 1241 1529 1316 ¹).
1554 1247 1627 1306 Ves-

404 1361 475 1438 peri
497 1361 610 1435 igitur,

671 1466 711 1532 ὅτ’
737 1469 769 1531 ἐν
792 1470 915 1554 οὐρανῷ
939 1467 1033 1548 ἄστρα
1057 1468 1189 1547 φαεινὴν
1213 1468 1292 1548 ἀμφὶ
1315 1472 1445 1550 σελήνην

538 1581 653 1662 φαίνετ’
678 1583 844 1663 ἀριπρεπέα
868 1583 916 1644 ὅτε
940 1578 960 1643 τ’
986 1582 1089 1644 ἔπλετο
1113 1585 1244 1661 νήνεμος
1268 1584 1379 1663 αἰθήρ,

537 1701 635 1761 πάντα
660 1695 848 1760 defetricem
872 1694 981 1777 ἄστρα,
1003 1695 1116 1777 γέγηθε
1140 1696 1174 1757 δέ
1197 1720 1228 1758 τε
1251 1695 1349 1777 φρένα
1373 1700 1497 1779 ποιμήν.

405 1819 539 1882 Accedit
569 1819 650 1877 lraec
679 1829 808 1889 quoque
836 1828 889 1875 res
914 1814 1000 1874 iraud
1023 1815 1109 1874 levis
1132 1815 1295 1874 momenti
1319 1814 1359 1874 ad
1382 1815 1479 1875 lunae
1503 1817 1627 1877 cultum

404 1934 489 2009 apud
521 1930 773 2003 antiquissimos
803 1928 957 1987 homines
987 1928 1233 2004 explicandum,
1266 1928 1351 2000 quod
1381 1928 1460 1989 luna
1483 1930 1549 1991 leni
1572 1947 1629 1991 suo

405 2064 462 2123 per
497 2045 623 2107 caelum
660 2046 754 2104 motu
791 2043 956 2114 variisque
988 2042 1059 2101 suis
1087 2040 1202 2117 figuris
1238 2044 1425 2103 accuratius
1456 2046 1490 2103 et
1513 2044 1631 2104 clarius

404 2176 503 2235 quam
534 2159 584 2219 sol
614 2171 830 2235 progressum
863 2156 990 2215 dierum
1017 2156 1152 2216 indicat.
1185 2156 1376 2231 simplicem
1401 2157 1503 2230 igitur
1526 2163 1631 2232 pasto·

405 2290 490 2348 rem,
515 2273 570 2345 qui
593 2273 665 2331 suis
688 2273 721 2330 in
745 2265 1054 2343 montibus'ageret
1078 2271 1181 2329 vitam
1207 2270 1385 2344 modicam,
1407 2268 1505 2330 lunae
1525 2273 1631 2345 magis

406 2403 506 2460 quam
536 2386 619 2445 solis
644 2398 780 2444 curasse
804 2398 936 2442 cursum
962 2383 1189 2457 temporisque
1217 2383 1362 2457 spatium
1387 2382 1502 2443 diebus
1525 2386 1632 2459 potius

405 2515 505 2574 quam
530 2499 627 2559 annis
650 2498 817 2571 divisisse,
843 2481 918 2569 quis
941 2497 1104 2557 miretur?
1355 2479 1359 2486 ¹

450 2613 511 2673 Sed
549 2612 658 2672 herbis
690 2625 818 2685 quoque
850 2611 1075 2671 crescentibus
1107 2611 1219 2671 favere
1243 2611 1322 2671 luna
1345 2612 1528 2672 videbatur.
1552 2613 1631 2673 Nam

406 2743 482 2787 cum
514 2727 555 2786 iis
586 2726 754 2798 noctibus,
787 2725 907 2798 quibus
931 2724 1060 2785 caelum
1085 2724 1228 2784 nubibus
1252 2728 1343 2784 caret
1367 2729 1399 2784 et
1423 2726 1503 2785 iuna
1526 2725 1632 2786 claris·

404 2840 489 2900 sime
518 2839 723 2914 resplendet,
747 2842 817 2898 tam
848 2838 956 2898 solum
981 2853 1081 2911 quam
1105 2838 1226 2898 herbae
1248 2841 1399 2898 maxime
1422 2839 1632 2913 refrigescere

403 2954 545 3027 soleant,
579 2952 664 3012 unde
695 2956 835 3026 augetur
865 2951 950 3011 roris
981 2951 1130 3025 copiast
1156 2952 1224 3020 vis;
1250 2967 1390 3024 cumque
1414 2952 1629 3012 meridionali·

404 3064 465 3127 bus
488 3068 520 3124 in
545 3066 643 3126 terris
666 3065 800 3140 pluviae
823 3080 898 3125 raro
918 3064 1068 3125 cadentis
1088 3063 1193 3124 officio
1217 3065 1376 3138 iungatur
1395 3079 1449 3124 ros
1464 3058 1501 3138 ²),
1521 3067 1630 3125 lanam
1732 3085 1733 3100 ¹

402 3181 507 3255 ipsam
543 3181 660 3239 nerbas
695 3194 811 3239 umore
845 3192 1052 3253 respergere,
1089 3178 1158 3236 vim
1188 3179 1356 3238 crescendi
1387 3193 1509 3253 augere
1542 3181 1629 3240 fama

402 3294 530 3354 ferebat
558 3293 737 3370 popularis.
768 3291 863 3353 Unde
895 3291 974 3352 luna
1002 3291 1207 3366 apellabatur
1230 3292 1418 3370 φερέοαρπος
1434 3286 1474 3366 ⁸);
1499 3294 1576 3366 quin
1599 3295 1629 3353 et

403 3408 590 3468 dicebatur:
614 3401 634 3483 ἡ
657 3405 767 3483 σελήνη
790 3402 928 3484 ὑγραίνει
949 3398 983 3475 ⁴).
1016 3403 1087 3479 Qua
1110 3420 1145 3465 re
1170 3405 1309 3466 minime
1332 3406 1495 3466 miramur
1517 3407 1628 3467 lunam
1731 3407 1732 3414 ’

404 3522 500 3581 deam
524 3535 597 3580 cum
623 3519 741 3580 Terrae
763 3519 901 3579 numine
925 3519 1101 3595 coaluisse,
1127 3521 1165 3579 ut
1188 3534 1254 3579 una
1277 3520 1457 3594 eademque
1481 3521 1542 3581 dea
1560 3524 1626 3581 tam

403 3636 436 3694 in
471 3634 560 3694 caelo
595 3649 694 3707 quam
729 3633 762 3693 in
796 3635 887 3692 terra
921 3647 1059 3706 regnare
1090 3634 1294 3706 naturaeque
1325 3634 1430 3693 vitam
1462 3635 1629 3696 moderare

402 3749 645 3808 aestimaretur.
669 3746 892 3806 Invocabatur
917 3749 1031 3805 autem
1055 3746 1189 3806 nomine
1213 3754 1265 3823 της
1285 3751 1376 3822 θεοῦ,
1395 3761 1490 3824 nam,
1512 3751 1550 3808 ut
1566 3763 1626 3807 ree·

404 3861 535 3921 tissime
558 3860 749 3920 observavit
772 3859 960 3919 Herodotus
978 3853 1018 3929 ῆι
1043 3857 1160 3935 ,ἔθυον
1173 3859 1271 3918 πάντα
1284 3859 1429 3948 πρότερον
1442 3859 1472 3920 οἰ
1483 3859 1627 3940 Πέλαογοι

405 3977 542 4032 θεοῖσι
576 3971 786 4050 ἐπευχόμενοι,
820 3969 995 4048 ἐπωνυμίην
1031 3967 1063 4030 δέ
1098 3967 1170 4031 οὐδὲ
1200 3969 1318 4050 οὔνομα
1349 3971 1505 4034 ἐποιεῦντο
1532 3972 1627 4036 οὐδενὶ

376 4087 381 4096 ’
406 4086 538 4146 edred&
567 4087 748 4162 Paulatim,
784 4088 821 4146 ut
844 4086 991 4145 numinis
1015 4086 1142 4160 species
1165 4087 1318 4147 diversae
1344 4089 1533 4148 accuratius
1556 4089 1628 4148 indi·
1729 4169 1730 4174 ἵ

437 4343 458 4403 ¹)
476 4349 554 4404 ἁγεῖτο
571 4349 656 4391 σελάνα
672 4345 759 4404 ποιμὴν
777 4350 865 4406 νυχίαν
883 4352 946 4393 θεῶν
963 4347 1054 4405 Syrios.
1072 4347 1160 4406 hymn.
1178 4347 1223 4404 IX,
1242 4349 1273 4394 33
1292 4360 1349 4406 sqq.

437 4435 458 4498 ¹)
475 4437 532 4485 Vid.
553 4442 579 4483 Ψ
593 4438 642 4484 597
660 4438 753 4484 Aesoh.
773 4438 864 4498 rigam.
881 4440 946 4486 issa
965 4452 1005 4497 sq.

436 4524 459 4588 ⁸)
475 4529 569 4586 Hymn.
586 4528 667 4589 Orph.
685 4530 730 4586 1x,
750 4530 773 4576 5.

433 4618 455 4679 ⁴)
472 4622 509 4668 Ιο.
526 4601 614 4680 Lydus
631 4636 657 4682 p.
675 4624 707 4668 oa
724 4622 777 4679 (ed.
792 4623 933 4679 Boether.l.
948 4619 1068 4669 Plurima
1082 4623 1198 4683 optimae
1211 4625 1288 4670 notae
1302 4620 1377 4670 hisce
1391 4622 1424 4670 de
1439 4623 1520 4671 rebus
1529 4619 1628 4681 collegit

401 4712 518 4760 Bosoher
537 4714 648 4770 „Selene
666 4715 735 4762 eto.''

435 4801 457 4866 ⁶)
474 4805 572 4853 Herod.
589 4806 626 4865 11,
645 4807 685 4854 ba.
