3525 5692
333 700 398 760 206
694 716 736 760 nn
759 715 977 760 nnesuxosre
999 715 1193 761 rnnneonrs.

334 889 513 961 antequam
542 886 608 960 τὰς
639 885 714 948 ὑπὸ
739 889 950 968 Τειρεσίου
973 887 1168 968 ῥηθείσας
1190 886 1339 960 θυσίας
1363 883 1402 946 ἐν
1421 881 1558 970 Ἰθάκῃ

334 997 503 1078 ἐτέλεσε,
526 1003 696 1065 hominem
720 1006 968 1066 maritimarum
991 1020 1102 1066 rerum
1122 1006 1275 1080 ignarum
1296 1005 1364 1065 ιὐυι
1382 1003 1561 1079 repperisse.

333 1114 405 1176 Hac
427 1119 598 1178 tamenin
621 1133 656 1178 re
680 1119 817 1195 erravit,
841 1120 928 1193 quod
951 1120 986 1178 in
1009 1119 1150 1180 Arcadia
1171 1119 1204 1178 id
1227 1118 1353 1178 iactum
1377 1132 1451 1178 esse
1470 1117 1561 1191 puta·

333 1229 402 1305 bat,
434 1231 538 1292 nimio
568 1233 695 1293 scilicet
725 1234 842 1294 ardore
871 1233 1072 1308 hypothesin
1104 1247 1202 1293 suam
1225 1234 1264 1294 de
1287 1245 1427 1292 nummo
1450 1229 1561 1290 Manti-

332 1345 446 1404 neensi
465 1344 637 1407 defendere
657 1349 806 1408 conatus.
824 1346 997 1408 Profectus
1014 1350 1067 1408 est
1084 1346 1202 1407 Ulixes
1212 1339 1395 1408 secundum
1408 1345 1560 1405 Proclum

333 1457 367 1516 in
401 1457 546 1533 Elidem3
581 1461 621 1520 de
651 1460 877 1535 longinquiore
907 1461 1025 1521 itinere
1054 1460 1102 1520 nil
1132 1461 1303 1534 audimus;
1335 1475 1378 1520 ex
1407 1459 1498 1519 Elide
1528 1458 1561 1515 in

333 1572 475 1646 patriam
498 1574 612 1647 redilt;
636 1574 765 1635 invenit
781 1574 952 1635 hominem
973 1589 1070 1635 suum
1090 1576 1269 1648 antequam
1286 1574 1436 1634 Ithacam
1455 1585 1562 1631 rever-

333 1684 393 1746 tit:
424 1701 502 1760 ergo
532 1688 567 1747 ic
598 1687 684 1749 Elide
713 1688 766 1748 riv
797 1685 902 1766 ὁδίτην
931 1689 1080 1750 offendit.
1105 1689 1157 1749 Ita
1180 1689 1284 1749 voluit
1307 1703 1373 1748 non
1396 1686 1564 1748 Homerus

333 1799 393 1859 sed
415 1799 621 1875 nugammon
645 1801 844 1878 cyrenaeus.

379 2025 473 2087 Nunc
503 2028 613 2089 Ulixis
643 2031 708 2091 iter
737 2031 771 2090 in
803 2031 1051 2106 Thesprotiam,
1083 2030 1169 2105 quod
1199 2030 1408 2105 Eugammon
1436 2026 1564 2087 nonde

333 2156 393 2201 suo
428 2139 526 2202 finxit
560 2144 618 2202 sed
653 2142 850 2218 Telegoniae
885 2142 1141 2220 amplificandae
1172 2159 1273 2204 causa
1304 2158 1323 2203 a
1353 2143 1485 2202 Musaeo
1515 2141 1567 2200 est

333 2257 521 2330 mutuatae,
564 2257 698 2333 propius
738 2257 997 2320 consideremus.
1035 2259 1177 2334 ,Heros,
1212 2256 1349 2319 Proetus
1382 2255 1495 2330 refert,
1529 2253 1564 2313 in

333 2368 566 2445 'l'hesprotiam
597 2373 689 2432 venit
718 2372 963 2449 callidicanuo
990 2375 1142 2449 reginam
1166 2388 1306 2435 uxorem
1330 2371 1431 2432 ducit.
1455 2368 1566 2429 Oritur

255 2549 259 2559 ,
333 2483 458 2543 bellum
488 2499 564 2545 cum
595 2486 727 2562 Brygis,
751 2489 807 2562 qui
830 2489 933 2548 Marte
957 2489 1038 2550 duce
1061 2489 1263 2564 Thesprotos
1286 2485 1463 2561 repellunt,
1486 2483 1567 2542 licet

333 2596 480 2657 Minerva
502 2599 555 2658 his
577 2601 768 2673 opituletur.
789 2601 906 2676 Apollo
925 2602 1058 2663 demum
1078 2600 1180 2662 finem
1200 2600 1343 2662 bellandi
1362 2598 1452 2658 facit.
1472 2594 1565 2656 Calli·

240 2777 251 2794 ,
335 2710 406 2771 dice
435 2715 568 2773 mortua
590 2713 786 2789 Polypoetes
808 2715 898 2777 tilius
920 2716 1030 2778 Ulixis
1052 2731 1193 2792 regnum
1217 2715 1351 2791 accipit,
1376 2713 1473 2773 heros
1494 2711 1566 2786 ipse

333 2824 487 2886 Ithacam
517 2827 731 2888 revertitur.”
763 2829 817 2889 Sic
847 2833 978 2904 poetam
1003 2830 1149 2905 aliquem
1174 2830 1348 2903 antiquum
1373 2826 1483 2888 Ulixis
1506 2825 1571 2884 iter

333 2939 367 2998 in
398 2938 628 3016 Thesprotiam
660 2942 834 3017 cecinisse,
867 2959 933 3004 non
964 2947 1016 3005 est
1046 2944 1133 3018 quod
1157 2943 1329 3003 miremur.
1354 2941 1568 3002 Meminimus

334 3051 424 3112 enim
455 3069 612 3116 versuum
643 3056 658 3126 ξ
682 3056 747 3116 314
771 3073 853 3133 sqq,
878 3059 935 3118 uhi
958 3060 1054 3119 heros
1077 3058 1314 3119 fallacissimus
1337 3070 1465 3118 errores
1486 3069 1567 3115 suos

334 3165 479 3228 Eumaeo
510 3168 717 3246 describens,
750 3171 907 3232 audacter
938 3187 1036 3232 casus
1059 3172 1275 3246 'l'hssprotios
1298 3169 1459 3244 annectit,
1484 3182 1568 3240 quos

334 3293 504 3354 nunquam
534 3297 654 3357 passus
684 3286 766 3345 erat.
796 3285 858 3346 Hic
890 3286 992 3360 igitur
1022 3301 1161 3361 campus
1183 3284 1318 3360 patebat
1340 3283 1487 3344 incultus
1509 3296 1567 3357 per

333 3409 432 3467 quern
462 3396 633 3471 ingenium
657 3399 830 3459 cuiusdam
854 3401 986 3476 epigoni
1008 3400 1110 3460 libere
1134 3401 1249 3474 vagari
1270 3399 1393 3475 posset.
1417 3397 1567 3458 Admira·

334 3509 458 3570 tionem
486 3525 564 3571 vero
596 3515 724 3588 movet,
755 3515 841 3587 quod
871 3513 982 3575 Ulixis
1012 3514 1070 3575 illa
1100 3514 1265 3590 expeditio
1297 3511 1481 3586 antiquitus
1504 3511 1566 3571 suh

336 3623 461 3684 Musaei
484 3626 618 3686 nomine
641 3627 837 3690 circumlata
860 3629 970 3690 fuerit.
996 3629 1077 3705 Quid
1098 3630 1242 3703 Musaeo,
1263 3622 1296 3697 ὃς
1315 3625 1498 3699 copatione
1516 3622 1567 3684 καὶ

336 3736 451 3809 τελετὰς
484 3736 534 3797 καὶ
567 3741 748 3819 καθαρμοὺς
782 3740 955 3820 συνέθηκεν
990 3743 1110 3813 (Schol.
1145 3746 1201 3803 Ar.
1232 3741 1314 3802 Ran.
1350 3741 1457 3812 1030),
1489 3739 1566 3812 quid

336 3863 376 3934 τῷ
410 3852 617 3938 χρησμολόγῳ,
653 3855 773 3933 Orphei
808 3858 970 3918 imitatori
1005 3856 1113 3926 (Paus.
1148 3856 1192 3930 X,
1225 3856 1255 3928 7,
1287 3856 1333 3930 2),
1357 3869 1430 3914 cum
1456 3853 1567 3912 Ulixis

336 3971 515 4045 erroribus,
541 3986 615 4030 cun
636 3972 783 4033 carmine
802 3973 920 4047 spico?
940 3973 1020 4032 Fere
1039 3985 1170 4045 semper
1182 3971 1336 4030 Musaeus
1349 3984 1422 4029 cum
1437 3967 1566 4043 Orpheo

339 4084 564 4159 coniungitur;
589 4085 691 4146 etiam
711 4086 860 4146 Platonis
879 4091 1028 4161 ternpore
1048 4084 1302 4145 venditabantur
1321 4082 1420 4160 βίβλοι
1435 4075 1568 4159 Ὀρφέως

339 4195 389 4257 καὶ
424 4197 590 4259 Μουσαίου
620 4201 695 4258 καθ’
724 4195 760 4271 ἃς
790 4202 1004 4276 condolentem
1028 4199 1105 4274 quid
1128 4199 1230 4272 igitur
1253 4197 1406 4258 Musaeus
1429 4195 1567 4257 ediderit

339 4313 404 4373 nisi
432 4313 533 4374 libros
562 4314 715 4388 rituales,
748 4315 970 4390 expiationes,
1002 4313 1222 4388 initiationes,
1248 4311 1298 4372 vel
1322 4309 1489 4387 κατάβασιν
1512 4308 1569 4384 ali-

339 4442 439 4501 quam
469 4426 511 4499 εἰς
525 4423 657 4487 hirtos?
680 4427 853 4503 Paulisper
871 4428 973 4501 igitur
991 4441 1159 4487 moremur
1179 4430 1212 4486 et
1231 4423 1456 4500 Thesprotidis
1475 4437 1567 4498 argu·

340 4545 491 4602 mentum
516 4543 667 4602 exactius
690 4541 953 4602 consideremus.

382 4655 461 4715 Post
484 4658 627 4715 mortem
650 4654 840 4728 calliditas,
866 4658 903 4715 ut
925 4655 1083 4730 legimus,
1108 4654 1304 4728 Polypoetes
1327 4667 1465 4726 regnum
1486 4651 1567 4712 The·

339 4770 485 4844 sprotiae
519 4769 553 4828 in
587 4783 623 4829 se
658 4769 791 4844 recepit.
828 4767 908 4843 Quis
942 4769 1004 4828 fuit
1036 4767 1093 4828 ille
1127 4767 1347 4843 Polypoetes?
1381 4764 1569 4841 Respondet
