3525 5692
698 756 739 804 nn
762 757 873 805 arnor.
1357 745 1396 809 17

214 934 386 995 Interdum
415 934 465 994 sie
495 935 586 994 arete
617 934 784 1002 coniuncti
814 935 906 1009 eunt,
939 934 977 993 ut
999 949 1114 994 revera
1136 930 1201 996 uno
1225 951 1280 996 ore
1303 935 1393 1009 loqui

169 1048 354 1109 videantur.
379 1047 414 1107 Ε.
440 1062 471 1122 g.
499 1049 539 1105 M
560 1049 624 1108 265
649 1063 739 1122 sqq.:

392 1158 552 1241 ἀμφοτέρω
576 1156 603 1222 δ’
631 1161 745 1222 Αἴαντε
767 1155 964 1223 κελευτιάονῖ
990 1159 1039 1222 ἐπὶ
1060 1161 1185 1242 πύργων

391 1269 519 1336 πάντοσ’
547 1271 712 1352 έφοιτήτην
736 1272 827 1353 μένος
850 1270 1028 1354 ὀτρύνοντες
1050 1280 1183 1354 Ἀχαιῶν.

393 1387 486 1451 άλλον
508 1385 691 1470 μειλιχίοισ’,
713 1387 805 1452 άλλον
828 1395 972 1470 στερεοῖσι
994 1387 1134 1469 ίέπεσσι,

387 1496 532 1582 ’νείκεον,
554 1501 590 1563 δν
613 1526 680 1564 τινα
702 1502 800 1584 πάγχυ
824 1503 920 1582 μάχης
943 1500 1087 1581 μεθιέντα
1108 1503 1238 1566 άίδοιεν·

391 1609 441 1696 „io
464 1617 563 1695 φίλοι,
586 1617 724 1698 Ἀργείων
748 1620 811 1680 etc.

213 1733 367 1809 sequitur
388 1749 439 1795 vs.
465 1735 548 1795 277:

392 1839 432 1919 ὧς
455 1847 495 1908 τά
517 1868 551 1926 γε
573 1846 760 1927 προβιβάντε
782 1845 882 1925 μάχην
906 1845 1042 1925 ὤτρυνον
1066 1851 1197 1927 Ἀχαιῶν.

211 1963 369 2023 Potestne
392 1961 541 2022 arctius?
564 1961 666 2022 Posse
688 1975 806 2038 negas,
827 1962 862 2021 at
879 1962 1015 2036 superat
1032 1965 1130 2037 poeta
1147 1965 1241 2024 tuam
1261 1979 1393 2042 exspec-

166 2077 339 2137 tationem.

210 2191 303 2251 9747
313 2190 432 2252 Aiaces
441 2189 655 2250 conferuntur
664 2203 729 2249 una
738 2203 814 2250 curn
823 2205 914 2266 rupe,
925 2189 1392 2265 quaefluminieareetaquae:

391 2297 500 2363 Αἴαντ’
527 2300 695 2382 ἰσχανέτην,
716 2301 757 2374 ὥς
780 2323 810 2362 τε
833 2300 918 2382 πρδιν
943 2301 1057 2382 ἰσχάνει
1079 2302 1174 2382 ὕδωρ,

391 2416 424 2489 δς
447 2440 477 2478 τε
498 2416 549 2478 καλ
571 2416 711 2495 ἰφθίμων
734 2426 880 2495 ποταμῶν
904 2414 1042 2496 άλεγεινδι
1061 2414 1172 2498 ῥέεθρα

391 2531 480 2612 ἴσχει,
502 2529 586 2613 άφαρ
611 2529 645 2592 δέ
668 2553 698 2592 τε
720 2539 795 2592 πᾶσι
818 2530 892 2612 ῥόον
916 2531 1058 2593 πεδίονδε
1080 2531 1184 2609 τίθησι

391 2645 519 2718 πλάζων·
543 2644 617 2708 οὐδέ
639 2643 670 2707 τέ
692 2669 744 2724 μιν
768 2643 876 2706 σθένεϊ
895 2645 1025 2727 ῥηγνῦσι
1048 2642 1173 2725 ῥέοντες·

392 2753 433 2833 ὥς
456 2757 515 2821 αἰελ
538 2760 651 2820 Αἴαντε
675 2760 774 2839 μάχην
797 2757 967 2843 άνέίεργον
990 2755 1105 2820 ὀπίσσω

394 2873 515 2953 Τρώων.

209 2989 361 3064 Quinimo
380 2989 513 3066 propius
534 2989 782 3050 attendentibus
801 3004 867 3049 non
887 2990 1012 3065 potest,
1033 2989 1112 3062 quin
1131 2989 1237 3071 risum
1257 2993 1393 3051 moveat

167 3103 369 3178 comparatio
401 3105 436 3162 N
466 3105 527 3166 197
560 3119 630 3177 sqq.
662 3105 806 3166 Leonem
838 3103 927 3164 enim
959 3103 1089 3165 auferre
1120 3105 1296 3182 capellam,
1321 3107 1394 3180 quie

166 3219 331 3280 miratur?
365 3218 484 3278 Mirum
520 3218 621 3294 igitur
659 3233 723 3279 non
753 3217 887 3295 fuisset,
918 3218 948 3278 si
971 3219 1132 3280 alteruter
1154 3219 1240 3280 Aiax
1261 3219 1392 3281 hostem

165 3347 280 3393 seeum
312 3347 450 3394 verrens
481 3347 558 3393 eum
581 3331 678 3393 leone
701 3333 864 3408 capellam
886 3333 1033 3408 rapiente
1056 3334 1268 3408 comparatus
1288 3337 1392 3410 esset,

165 3445 221 3506 vel
255 3447 283 3507 si
313 3447 429 3508 ambos
459 3447 578 3508 Aiaces
609 3462 684 3508 cum
716 3447 842 3507 duobus
873 3446 1023 3507 leonibus
1054 3447 1227 3507 victimam
1257 3448 1393 3509 maioris

164 3562 315 3621 staturae
357 3576 456 3634 quam
496 3563 548 3622 est
586 3561 711 3637 capella
748 3576 860 3622 seeum
892 3561 1115 3637 trahentibuS,
1148 3561 1265 3621 bovem
1297 3564 1391 3638 puta,

165 3673 365 3736 contulisset
395 3676 503 3750 poeta.
535 3675 618 3749 Quid
642 3690 720 3736 vero
743 3674 846 3736 feeit?
868 3673 996 3735 Ambos
1019 3674 1138 3734 Aiaces
1161 3673 1290 3735 duobus
1316 3690 1391 3736 cum

163 3788 314 3850 leonibus
339 3788 480 3865 confert,
506 3789 562 3862 qui
580 3789 682 3850 simul
701 3803 804 3849 unam
825 3789 1022 3864 absportant
1042 3787 1202 3864 capellam
1223 3821 1263 3832 -
1284 3789 1393 3864 capite

164 3903 325 3963 nimirum
347 3905 381 3963 et
404 3902 524 3964 cauda!

389 4015 429 4087 ὥς
451 4037 482 4075 τε
505 4009 554 4076 δύ’
580 4008 651 4095 αἰγα
674 4012 775 4076 λέοντε
797 4023 901 4076 κυνῶν
924 4015 985 4076 ὕπο
1007 4015 1258 4096 καρχαροδόντων

387 4125 557 4209 ἁρπάξαντε
580 4127 713 4210 φέρητον
737 4127 797 4189 ἀνὰ
820 4128 943 4208 ῥωπήια
966 4128 1070 4191 ποκνδι

385 4239 484 4321 ὑψόθ’
510 4241 587 4326 ὑπὲρ
610 4243 698 4326 γαίης
722 4242 795 4322 μετά
817 4249 1017 4330 γαμφηλῇσιν
1040 4243 1154 4324 ἔχοντε,

386 4349 427 4430 ὧς
450 4357 488 4439 ῥα
510 4357 564 4420 τὸν
588 4353 688 4435 ὑψόθ’
714 4357 814 4438 ἔχοντε
837 4358 902 4420 δόω
926 4359 1038 4419 Αἴαντε
1060 4358 1191 4440 κορυστὰ

385 4467 480 4551 τεύχε’
508 4470 667 4551 έσολητην.

207 4585 447 4648 Animadverte
472 4587 593 4648 ultima
616 4586 734 4649 verba:
758 4582 859 4664 ὑψόθ’
886 4586 987 4666 ἔχοντα
1011 4585 1174 4666 ἐσυλήτηνι
1201 4589 1390 4665 Quomodo

157 4701 190 4760 id
214 4699 435 4775 perpetrarint
458 4715 525 4761 non
549 4700 647 4762 facile
670 4701 781 4762 hercle
805 4700 993 4777 explicaris.
1014 4702 1144 4777 Quanto
1162 4703 1281 4763 melior
1300 4718 1388 4764 eom·

159 4814 302 4890 paratio,
327 4827 410 4886 quae
431 4817 544 4875 exstat
565 4817 595 4872 Γ
618 4815 660 4876 23
684 4830 774 4889 sqq.:

216 4919 360 4964 νοσοποιά.
1293 4922 1308 4964 2

1452 2236 1501 2307 s
