3525 5692
660 717 834 769 onmes.
1315 709 1358 774 66

132 896 268 959 Graecis
297 896 449 958 auditum
472 911 531 972 pro
554 895 721 958 Salamine
744 895 907 957 habitum.
934 894 999 958 Gur
1022 911 1100 959 vero
1123 898 1238 962 Graeci
1261 917 1358 962 suam

131 1010 250 1072 urbem
281 1010 490 1086 appellarunt
512 1009 736 1070 Salaminem?
760 1009 842 1085 Quia
864 1010 1010 1072 Teucros
1032 1011 1068 1072 in
1090 1012 1201 1074 insula
1223 1017 1360 1090 reperie-

132 1126 224 1187 bant.
254 1124 341 1185 Hinc
370 1125 484 1184 autem
508 1121 593 1183 effici
615 1124 725 1198 potest
748 1138 787 1183 eo
805 1125 969 1200 tempore,
993 1139 1057 1197 quo
1081 1124 1223 1187 Salamis
1246 1129 1360 1189 conde·

134 1238 241 1317 batur,
266 1238 356 1298 arcte
378 1237 446 1296 iam
470 1236 587 1296 Teucri
610 1251 731 1297 nomen
755 1252 831 1297 cum
854 1237 964 1297 insuia
987 1238 1153 1300 salamine
1172 1241 1277 1302 misse
1289 1257 1360 1303 con·

131 1353 297 1414 iunctum.
327 1351 439 1424 Neque
469 1351 606 1411 fortuito
630 1350 792 1411 Teucrum
817 1350 986 1412 Salamine
1009 1354 1199 1415 consedisse
1222 1355 1364 1433 dixeris,

133 1468 295 1541 reputans
325 1465 486 1526 Teucrum
519 1464 651 1524 venisse
683 1479 700 1524 e
731 1464 864 1538 regione
894 1480 994 1539 quam
1017 1467 1201 1542 antiquitus
1224 1470 1361 1546 Leleges

135 1579 331 1642 habitabant
352 1579 439 1650 (vide
460 1578 568 1654 infra),
593 1576 773 1638 Salaminis
797 1580 909 1639 autem
928 1594 1049 1640 nomen
1070 1581 1110 1641 ad
1129 1582 1268 1643 eandem
1287 1601 1363 1658 gen·

134 1698 205 1756 tem
229 1709 290 1756 nos
313 1695 441 1755 ducere.
466 1693 538 1753 Iam
561 1691 786 1753 Wilamowitz
810 1691 939 1753 viderat
962 1693 1165 1756 Salaminem
1189 1698 1365 1760 cohaerere

135 1824 212 1870 cum
244 1807 430 1869 Salmonea.
463 1804 670 1882 „Zoiuuvu”‚
700 1805 748 1868 lta
775 1806 884 1880 pergit
906 1806 999 1883 Ticis,
1027 1808 1098 1883 „vel
1121 1811 1296 1888 Σαλαμώνα
1320 1814 1362 1882 (ln

133 1921 413 1997 inscriptionibus)
443 1922 540 1981 vetus
572 1919 729 1994 oppidum
762 1922 813 1980 est
844 1920 877 1980 in
905 1921 1014 1995 Elide;
1038 1923 1194 1999 Σαλμακίς
1217 1924 1291 1985 lons
1310 1930 1362 1987 est

135 2035 375 2108 Halicarnassi,
411 2030 567 2106 Lelegum
603 2031 637 2091 in
673 2029 770 2106 urbe;
805 2031 944 2109 Σάλμος,
973 2031 1060 2105 πόλις
1091 2033 1237 2108 Βοιωτίας
1266 2027 1302 2114 ἧς
1333 2038 1363 2097 ol

134 2152 252 2208 πολῖται
284 2145 473 2222 Σαλμώνιοι,
502 2141 542 2214 ὡς
567 2137 744 2216 Ἑλλάνικος
769 2142 801 2203 έν
826 2142 955 2230 δευτέρῳ
979 2147 1250 2220 Δευκαλιωνείας”.
1281 2150 1361 2226 Quo·

135 2263 234 2324 modo
265 2261 456 2322 Hellanicus
486 2259 637 2319 Salmum
666 2273 742 2320 cum
766 2259 976 2322 Deucalionis
999 2262 1134 2324 nomine
1157 2264 1365 2326 coniunxerit

134 2376 320 2449 nescimus;
352 2374 414 2434 hoc
432 2388 511 2434 vero
539 2386 660 2433 nomen
684 2376 819 2434 revocat
849 2375 885 2434 in
908 2376 1107 2436 memoriam
1133 2379 1203 2437 tam
1227 2377 1362 2438 Hesiodi

135 2489 255 2563 fragm.
283 2489 345 2549 115
369 2487 469 2558 litai:

382 2591 401 2678 ἧ
426 2621 470 2660 τοι
493 2598 550 2680 γὰρ
574 2597 695 2681 Λοκρὸς
719 2597 903 2680 Λελέγων
925 2597 1059 2681 ἡγήσατο
1083 2606 1165 2663 λαῶν

381 2716 452 2786 τούς
476 2713 514 2795 ῥά
536 2736 607 2776 ποτε
633 2713 785 2794 Κρονίδης
810 2715 888 2788 Ζεὺς
911 2713 1030 2792 ἄφθιτα
1053 2717 1151 2796 μήδεα
1173 2719 1284 2790 ίειδώς
1383 2728 1385 2733 ’

383 2827 505 2901 λεκτοὺς
529 2826 561 2889 ἐκ
584 2828 673 2908 γαίης
696 2825 785 2901 ἁλέας
808 2829 883 2909 πόρε
908 2830 1175 2909 Δευκαλίωνι,

138 2958 237 3017 quam
262 2944 300 3003 fr.
326 2945 361 3004 2:
386 2941 430 3002 δτι
454 2939 708 3023 Προμηθέως
731 2941 783 3002 ναί
806 2943 980 3023 Πανδώρας
1003 2944 1070 3017 υίὸς
1094 2945 1341 3024 Δευκαλίων,

137 3058 196 3118 sed
226 3059 328 3118 etiam
360 3057 506 3119 Acusilai
536 3058 575 3119 ir.
607 3059 650 3118 20
680 3052 771 3137 (Aru.
799 3058 934 3128 Kordtit
967 3060 1201 3119 Δευκαλίων
1218 3054 1363 3137 Ἢσιόνης

136 3178 190 3247 τῆς
211 3164 360 3230 Ὠκεανοῦ
384 3166 435 3230 καὶ
457 3166 719 3249 Προμηθέως.

181 3284 342 3346 Hesiones
365 3286 478 3345 autem
501 3297 623 3344 nomen
646 3283 688 3343 ad
710 3283 874 3346 Teucrum
895 3285 1032 3346 reducit.

181 3398 412 3474 astipulamur
429 3396 531 3470 igitur
551 3396 659 3457 Tickio
677 3397 858 3456 statuenti:
881 3397 1045 3472 5Salamis
1065 3398 1144 3458 eber
1162 3398 1363 3473 lelegischen

135 3514 186 3574 als
215 3513 390 3574 kariscben
420 3510 644 3586 ursprungsr.
675 3510 857 3571 versamur
887 3512 920 3570 in
951 3512 1126 3572 nominum
1156 3505 1255 3588 serie',
1280 3499 1363 3586 quae

135 3628 249 3688 omnia
283 3627 323 3686 ad
357 3626 492 3701 Leleges
529 3625 685 3686 Graeciae
714 3627 844 3687 mediae
874 3628 1002 3688 incolas
1030 3628 1157 3702 priscos
1187 3629 1364 3704 pertinent.

136 3741 190 3802 Sic
213 3740 304 3801 nullo
327 3739 415 3800 saltu
439 3739 479 3799 ad
502 3740 717 3802 Telamonem
740 3742 907 3803 venimus.

652 4050 842 4061 ——-——.

605 4312 671 4380 XI.
713 4313 898 4399 Τελαμών.

181 4549 267 4610 Aras
300 4548 465 4610 habebant
498 4552 569 4611 tam
602 4551 770 4613 Salamine
801 4568 901 4627 quam
931 4555 1073 4615 Athenis
1104 4556 1190 4618 Aiax
1213 4557 1365 4633 filiusque

135 4663 208 4723 eius
230 4663 431 4736 Eurysaces;
456 4664 550 4738 pater
573 4666 685 4724 autem
709 4664 843 4726 Telamo
868 4667 935 4726 aris
956 4668 1097 4730 carebat.
1110 4670 1285 4749 Homines,
1310 4675 1364 4746 qui

133 4776 173 4837 ab
210 4776 323 4852 Aiace,
360 4777 401 4837 ab
436 4777 603 4852 Eurysace
638 4778 800 4852 originem
830 4795 928 4841 suam
951 4781 1124 4860 petebant,
1149 4783 1363 4847 Telamonem

164 4880 309 4925 Vllamne.
1264 4892 1279 4934 b
