3525 5692
332 707 372 764 14
851 715 893 761 nr
915 715 1026 762 amca.

326 895 359 954 et
387 891 470 952 Oilei
492 861 616 950 fllium}
632 888 691 948 Est
714 887 930 949 Telamonius
952 889 1027 964 post
1050 888 1214 950 Achillem
1238 889 1386 949 omnium
1410 889 1548 950 fortissi-

326 1022 418 1083 mus,
460 1004 630 1078 robustus,
666 997 880 1078 tranquillus,
916 1002 1119 1078 impavidus,
1155 1002 1195 1063 ab
1234 1003 1325 1064 omni
1359 1003 1551 1063 crudelitate

326 1121 523 1194 abhorrens,
560 1130 636 1176 cum
671 1115 763 1176 asino
798 1114 893 1176 tardo
924 1116 981 1188 qui
1011 1116 1126 1177 cedere
1156 1117 1262 1178 nescit
1292 1116 1548 1194 comparandus,

327 1247 508 1311 paucorum
532 1227 726 1304 verborum,

995 1337 1052 1420 ἠύς
1075 1363 1105 1401 τε
1128 1339 1221 1422 μέγας
1243 1365 1273 1404 τε

549 1453 651 1536 ἴξοχος
677 1456 813 1536 Ἀργεΐων
836 1454 973 1533 κεφαλήν
996 1450 1046 1533 ἠδ’
1073 1454 1178 1537 εὐρέας
1202 1455 1318 1537 ὤμους,

326 1572 472 1652 πελώριος
504 1573 569 1648 est,
602 1574 724 1648 Ἀχαιῶν
754 1567 853 1650 ἕρκος,
883 1570 1011 1645 ingenti
1039 1573 1088 1641 (ut
1110 1572 1210 1648 vulgo
1232 1570 1434 1648 perhibetur)
1457 1574 1550 1633 scuto

326 1689 491 1763 armatus,
515 1685 626 1760 imago
649 1684 867 1760 constantiae,
892 1683 1074 1762 firmitatis,
1100 1685 1355 1748 immobilitatis.

370 1799 543 1863 Locrensis
561 1801 674 1860 autem
693 1801 769 1874 post
780 1797 946 1862 Achillem
959 1801 1011 1860 est
1030 1800 1179 1864 omnium
1192 1800 1401 1877 celerrimus,
1414 1799 1552 1860 minoris

326 1918 489 1992 staturae,
524 1912 623 1974 miles
657 1927 722 1974 non
756 1911 842 1974 levis
876 1915 1065 1974 armaturae
1100 1914 1159 1974 sed
1182 1913 1330 1990 mobilis,
1356 1916 1550 1988 contumax,

327 2031 450 2106 audax,
477 2030 609 2106 loquax.

372 2146 544 2218 Attamen,
569 2142 647 2204 licet
669 2143 739 2202 tam
764 2141 891 2203 multis·
904 2143 1053 2218 partibus
1075 2143 1163 2212 inter
1185 2158 1221 2205 se
1242 2145 1442 2219 discrepent,
1463 2142 1553 2204 hisce

326 2259 362 2320 in
390 2257 490 2319 rebus
519 2251 607 2317 inter
637 2271 673 2316 se
697 2258 895 2332 congruunt,
920 2257 1005 2329 quod
1029 2272 1150 2318 nomen
1173 2261 1293 2333 gerunt
1315 2258 1418 2335 idem,
1442 2271 1551 2331 quam·

327 2384 428 2446 quam
459 2369 545 2445 apud
575 2371 708 2444 poetam
738 2370 1037 2444 consanguinitatis
1060 2371 1193 2432 vinculo
1217 2373 1322 2432 vincti
1344 2374 1423 2432 sunt
1445 2370 1552 2446 nullo;

328 2485 413 2559 quod
443 2482 563 2547 fiducia
592 2496 633 2542 ne
661 2482 811 2543 dicamus
835 2481 1034 2545 confidentia
1057 2485 1226 2546 excellunt
1248 2499 1446 2560 permagna;
1468 2484 1555 2558 quod

328 2613 433 2672 aequa
459 2594 608 2656 amicitia
631 2595 715 2656 moti
737 2595 882 2671 disiungi
906 2597 1034 2658 nolunt.
1058 2598 1240 2659 sodalitate
1263 2599 1406 2673 quadam
1429 2599 1553 2660 iterum

327 2713 425 2794 atque
443 2709 565 2770 iterum
583 2709 617 2768 in
637 2707 739 2768 Iliade
755 2711 939 2773 memorata
950 2711 1117 2772 coniuncti
1128 2714 1207 2773 sunt
1220 2712 1350 2786 heroes,
1365 2726 1448 2786 quos
1459 2711 1553 2772 varia

326 2823 526 2897 quingenis,
540 2821 667 2882 variam
686 2820 726 2882 ob
746 2823 925 2898 staturam,
946 2824 1144 2899 coniungere
1163 2825 1310 2907 potuisse
1329 2827 1463 2902 poetam
1482 2812 1553 2884 iure

328 2936 472 3004 miraris.
496 2935 676 3010 Utriusque
700 2950 804 2996 naves
822 2937 1030 3005 Achaeorum
1050 2937 1085 2997 in
1105 2939 1223 2999 castris
1241 2938 1417 2999 navalibus
1429 2938 1555 2999 vicinas

252 3068 254 3072 ·
328 3051 432 3112 fuisse
462 3063 627 3123 nusquam
659 3052 813 3125 apparet;
845 3052 994 3111 attamen
1025 3051 1093 3112 fere
1116 3067 1248 3128 semper
1271 3066 1337 3113 una
1359 3051 1554 3128 procedunt,

328 3163 428 3250 simul
463 3163 668 3238 invocantur,
701 3163 802 3223 simul
832 3164 1095 3241 consalutantur,
1127 3180 1193 3226 uno
1222 3165 1433 3227 substantivo
1464 3165 1553 3226 duali

327 3279 434 3340 forma
456 3291 616 3351 expresso
639 3276 873 3351 designantur:
902 3276 1027 3338 Αἴονιεῖ

372 3389 520 3451 citemus
540 3389 629 3451 locos
653 3390 817 3465 insignes:

393 3616 418 3674 Β
442 3615 507 3675 406
554 3614 786 3688 Agamemnon
810 3591 850 3674 ad
874 3627 992 3675 cenam
1015 3618 1131 3679 vocat:

550 3725 690 3806 Νέστορα
713 3723 768 3805 μὲν
789 3726 939 3808 πρώτιστοι
962 3726 1013 3788 καὶ
1030 3723 1191 3807 Ἰδομενῆα
1213 3729 1352 3790 fulvam

551 3840 647 3921 αὐτὰρ
671 3835 760 3902 ἔπειτ’
786 3841 899 3902 Αἴαντε
923 3842 996 3903 δύο.

391 3958 420 4015 Ε
443 3957 508 4019 519
555 3956 666 4016 Αἴαντε
689 3956 753 4017 δύω
776 3954 828 4015 καὶ
846 3950 1010 4030 Ὀδυσσεὺς
1033 3955 1084 4016 καὶ
1108 3957 1265 4036 Διομήδης

552 4068 687 4149 ὤτρυνον
711 4068 854 4142 Δαναοὺς
877 4063 1089 4148 sciscitaturi.

394 4187 420 4243 Ζ,
442 4185 507 4246 436
552 4184 613 4245 sub
637 4184 753 4247 Troiae
776 4200 890 4246 muros
913 4185 1094 4260 procedunt
1116 4184 1148 4245 ol
1167 4182 1282 4264 ἄριστοι

552 4291 625 4375 ἀμφ’
653 4297 766 4358 Αἴαντε
790 4297 853 4359 δύα
877 4296 929 4358 καὶ
952 4296 1121 4379 ἀγακλυτὸν
1140 4294 1309 4379 Ἰδομενῆα.

392 4414 506 4474 Δ273
551 4414 784 4488 Agamemnon
809 4413 921 4487 copias
943 4413 1109 4475 lustrans:

551 4516 630 4603 ἦλθε
653 4519 681 4584 ‹l’
708 4520 752 4584 ἴτ’
779 4525 945 4586 Αἴαντεσσε
967 4524 1043 4586 κιὼν
1065 4523 1125 4586 ἀνὰ
1147 4526 1306 4605 ἴοολαμὸν
1329 4526 1464 4616 ἀνδρῶν,

547 4655 634 4714 quas
659 4640 837 4714 alloquitur
859 4656 910 4704 vs.
934 4641 1016 4702 285:

552 4747 657 4818 Αἴαντ’
687 4754 824 4836 Ἀργεῖον
847 4749 976 4834 ἡγήτορε
998 4754 1235 4835 χαλκοχιτώνων,
