3525 5692
392 703 435 762 96
915 717 956 760 un
979 716 1090 762 arnon.

388 891 542 953 Boeotiae
576 891 610 951 in
643 891 831 967 regionibus
861 890 1011 952 Euboeae
1042 889 1204 966 oppositis
1233 887 1469 948 habitantium.
1495 888 1612 950 Postea

391 1020 469 1066 vero
492 1021 513 1066 a
534 1005 622 1080 regis
645 1006 780 1066 nomine
803 1004 939 1080 Leleges
962 1004 1166 1066 vocabantur
1193 1003 1382 1064 Locrenses.

436 1119 531 1180 Hanc
552 1120 687 1195 scymni
704 1121 903 1196 sapientiam
927 1119 1002 1189 (581
1026 1134 1096 1193 sqq.
1120 1117 1210 1179 livill.
1234 1116 1320 1178 Gelil
1340 1115 1365 1184 I)
1386 1115 1524 1176 minime
1542 1130 1614 1176 esse

388 1233 595 1294 abiciendam
626 1234 746 1295 docent
767 1234 933 1295 Hesiodus
956 1235 989 1294 et
1011 1233 1175 1294 Pindarus
1198 1232 1286 1292 idem
1310 1232 1486 1292 testantes.
1521 1230 1615 1304 Frag-

391 1349 542 1408 mentum
565 1348 766 1410 Hesiodeum
790 1348 858 1408 iam
881 1362 983 1424 supra
1005 1347 1216 1407 laudavimus
1239 1346 1315 1415 (115
1339 1346 1425 1414 Ral:

570 1459 637 1539 ἤτοι
659 1459 717 1542 γάρ
739 1460 862 1542 Λοκρὸς
886 1459 1029 1541 Λελίγιον
1051 1457 1186 1539 ἡγήσατο
1209 1464 1306 1536 λαῶν,

568 1576 638 1646 τούς
661 1574 699 1654 ῥά
721 1596 792 1636 ποτε
815 1574 971 1655 Κρονίδης
996 1574 1072 1648 Ζεὺς
1098 1574 1216 1650 άφθιτα
1238 1571 1335 1651 μήδεα
1357 1569 1466 1640 ύειδάς

569 1687 690 1760 λεκτοὺς
712 1687 745 1749 ίκ
767 1689 855 1768 γαίης
878 1686 967 1760 άλίας
989 1687 1064 1768 πόρε
1087 1687 1283 1748 Δευκαλίωνι.

437 1800 562 1862 Cecidit
586 1805 696 1864 autem
721 1803 884 1864 Pindarus
906 1803 967 1874 (01.
991 1804 1048 1880 IX,
1074 1805 1116 1865 56
1139 1807 1237 1878 sequ:

571 1915 671 1988 (Ζεύς)
690 1911 850 1994 Ὀλύμπιος
874 1913 995 1996 άγεμάν

570 2025 694 2110 θύγατρ’
721 2028 782 2092 άπὸ
805 2042 859 2111 γᾶς
880 2025 1009 2093 Ἐπειῶν
1027 2026 1186 2103 Ὀπόεντος
1210 2028 1401 2110 ἀναρπάσαις
1424 2025 1529 2098 ἕκαλος

571 2143 679 2223 μείγθη
704 2145 928 2206 Μαιναλίαισιν
952 2143 984 2206 ἕν
1009 2146 1135 2226 δειραῖς,
1154 2142 1205 2205 καί
1228 2142 1343 2206 ἔνεικεν
1437 2165 1439 2170 ·

569 2261 695 2341 Λοκρῷ,
717 2256 759 2337 μὴ
782 2257 909 2321 καθέλοι
932 2282 982 2320 νιν
1008 2258 1083 2321 αἰὼν
1106 2258 1222 2337 πότμον
1245 2255 1380 2335 ἐφάψαις

569 2367 708 2450 ὀρφανὸν
731 2381 849 2451 γενεᾶς,
871 2371 936 2452 ἔχεν
960 2369 993 2433 el
1017 2371 1134 2452 σπέρμα
1157 2370 1298 2451 μέγιστον

569 2481 690 2563 άλοχος,
712 2484 877 2565 εὐφράνθη
901 2508 931 2547 τε
953 2485 1028 2546 itus
1051 2485 1131 2566 ἣρως
1154 2483 1248 2546 θετὸν
1267 2483 1350 2562 υἱόν,

571 2597 707 2678 μάτρωος
731 2593 760 2659 d'
786 2597 927 2659 ίκάλεσσί
950 2622 1001 2659 νιν

572 2711 726 2791 ἰσώνυμον
749 2710 855 2791 ἔμμεν,

570 2825 746 2908 ύπίρφατον
770 2825 867 2909 άνδρα
890 2840 994 2912 μορφᾷ
1015 2851 1046 2889 τε
1069 2829 1122 2889 καί

570 2939 691 3021 ἔργοισι.
714 2942 804 3003 πόλιν
828 2937 852 3003 δ’
879 2942 1001 3004 άπασεν
1023 2942 1099 3004 λαίν
1121 2965 1151 3004 τε
1174 2942 1301 3003 διαιτᾶν.

437 3056 588 3132 Iuppiiur
618 3057 719 3132 igitur
745 3073 788 3118 ex
819 3060 915 3133 rapta
942 3057 1082 3133 Opuntis
1106 3057 1281 3133 Epeiorum
1305 3058 1392 3133 regis
1414 3055 1483 3117 fllia
1504 3054 1615 3130 genuit

390 3168 508 3247 fllium,
533 3185 631 3244 quem
656 3171 830 3232 transtulit
853 3172 893 3232 ad
918 3173 1057 3233 Locrum
1080 3171 1239 3246 Lelegum
1253 3187 1375 3246 regem.
1398 3171 1461 3232 Hic
1479 3184 1615 3246 puerum
1727 3191 1728 3266 ρ

391 3286 560 3363 adoptavit
583 3286 833 3360 nominavitque
855 3287 896 3347 de
920 3302 983 3347 avo
1006 3289 1158 3348 materno
1183 3286 1358 3362 Opuntem.
1421 3317 1424 3322 ·

435 3399 511 3459 Puit
534 3414 650 3460 revera
672 3401 752 3460 urbs
775 3403 809 3461 et
828 3401 952 3463 flumen
971 3401 1073 3462 Elidis
1092 3402 1226 3463 nomine
1245 3400 1386 3477 Opuntie
1399 3400 1511 3472 (schol.
1524 3401 1614 3461 Pind.

392 3513 441 3575 01.
465 3514 522 3589 IX,
548 3514 600 3588 64,
627 3514 692 3583 85).
729 3514 791 3575 Sed
826 3515 992 3588 quodnam
1026 3530 1148 3575 nomen
1183 3515 1288 3590 gessit
1317 3514 1386 3576 filia
1414 3514 1486 3590 illa,
1517 3529 1615 3589 quam

391 3627 536 3702 Iuppiter
566 3626 665 3701 Epeio
696 3626 819 3703 Opunti
846 3628 1016 3702 surripuit.
1036 3628 1226 3703 Respondet
1249 3628 1447 3688 Plutarchus
1469 3627 1538 3703 (Qu.
1562 3628 1614 3688 Gr.

391 3740 478 3811 XV):
517 3729 677 3816 ,Φυσκίου
713 3740 922 3817 Ἀμφικτίονας
956 3738 1023 3811 υίὸς
1058 3731 1098 3817 ἦν
1133 3739 1261 3819 Λοκρός.
1297 3738 1329 3801 ἐκ
1364 3737 1397 3800 cl
1427 3741 1534 3802 τούτου
1566 3737 1615 3800 καλ

392 3853 520 3931 Καβύης
544 3851 675 3932 Λοκρός.
1451 3911 1453 3916 .

436 3967 685 4027 Emendandum
720 3982 837 4028 censeo
871 3964 904 4025 in
935 3962 968 4026 δὲ
1002 3965 1111 4026 τούτου
1142 3964 1192 4025 καὶ
1224 3966 1352 4044 Καβύης
1376 3961 1496 4038 Ὀποῦς.
1531 3969 1613 4028 Nam

392 4080 587 4141 Plutarchus
617 4081 761 4142 breviter
792 4097 862 4141 rem
895 4081 1073 4156 expediens
1103 4081 1193 4142 iovis
1215 4081 1419 4142 mentionem
1443 4081 1523 4141 facit
1547 4081 1614 4141 nul-

386 4194 468 4269 lam,
494 4209 511 4253 e
535 4190 637 4255 Locro
661 4210 740 4255 vero
763 4196 914 4269 genitum
938 4209 1013 4256 esse
1036 4194 1116 4255 facit
1135 4194 1245 4270 illum,
1270 4209 1368 4267 quem
1387 4198 1614 4268 procreaverat

391 4307 545 4380 iuppiter.
570 4306 724 4368 Carmine
747 4310 860 4369 autem
880 4308 1052 4369 Pindarico
1072 4323 1173 4383 supra
1191 4308 1326 4368 laudato
1345 4309 1500 4369 docemur
1519 4308 1615 4368 huius

390 4420 483 4494 pueri
506 4435 627 4481 nomen
651 4420 755 4480 luisse
779 4436 845 4481 non
869 4422 1011 4483 Locrum
1035 4422 1094 4482 sed
1118 4422 1295 4497 Opuntem.

437 4531 555 4593 Mirum
579 4548 701 4594 nomen
724 4535 809 4608 gerit
831 4537 941 4596 mater
964 4534 1075 4613 Καβύη
1095 4550 1195 4609 quam
1215 4533 1412 4594 Aristoteles
1432 4533 1615 4609 appellasse

391 4646 520 4706 videtur
543 4646 723 4724 Καμβύσην.
747 4649 938 4723 Legendum
962 4664 1037 4710 esse
1061 4649 1253 4710 crediderim
1278 4647 1482 4724 Καφύηοίεἰ
1506 4647 1615 4725 Kapria

391 4758 458 4819 alia
491 4758 640 4819 eiusdem
674 4761 820 4821 nominis
855 4762 1005 4823 habenda
1039 4762 1084 4823 sit
1116 4762 1233 4823 forma.
1266 4761 1381 4838 Καφύη
1417 4761 1469 4828 vel
1504 4761 1616 4837 Καπύη
