3525 5692
385 713 447 771 tao
905 723 946 768 ur
970 724 1080 768 arsos.

427 896 636 957 vaticinatur
660 894 864 956 Cassandra:

648 1008 726 1068 νοὸν
751 1006 784 1068 δέ
807 1029 858 1086 μοι
881 1009 1021 1081 τεύξουσι
1045 1008 1190 1070 Δαυνίων
1213 1005 1300 1088 ἄκροι

550 1168 557 1176 -
650 1122 777 1200 Σοίλττης
800 1117 869 1201 παρ’
896 1119 1017 1201 ὄχθαις,
1039 1121 1074 1184 οἵ
1091 1144 1121 1184 τε
1145 1122 1309 1202 Δάρδανον
1332 1121 1424 1182 πόλιν

649 1235 784 1314 νοιόυσι,
806 1235 913 1314 λίμνης
936 1233 1143 1316 ἄνχιτέρμονες
1165 1245 1274 1298 ποτῶν.

649 1358 758 1429 κοῦροι
781 1345 814 1410 δέ
836 1347 1022 1429 παρθένειον
1046 1347 1189 1430 ἐκφυγεῖν
1212 1349 1303 1430 ζυγὸν

649 1463 721 1526 ὅταν
743 1462 856 1525 θέλωσι
878 1462 1032 1541 νυμφίους
1054 1461 1241 1542 ἀρνούμενοι

647 1577 718 1651 τοὺς
735 1573 919 1655 Ἐκτοριίοις
942 1574 1162 1658 ἡγλοϊσμένους
1185 1577 1309 1655 νόμοις,
1419 1585 1424 1595 “

649 1699 771 1771 μορφῆς
794 1689 917 1770 ἔχοντας
941 1691 1050 1767 σίφλον
1073 1688 1093 1770 ἢ
1117 1701 1223 1770 μῶμορ
1247 1689 1366 1772 γένους,

650 1804 723 1883 έμὸν
745 1805 981 1884 περιπτύξουσιν
1004 1801 1128 1876 ὠλέναις
1151 1802 1256 1883 βρέτας

649 1917 744 1998 ἄλκορ
767 1917 906 1999 μέγιστον
927 1918 1077 1996 κτώμενοι
1099 1919 1340 1996 νυμφευμάτων,

631 2028 798 2112 ,Ἐρινύων
823 2029 939 2110 ἐσθῆτα
963 2029 1014 2092 καλ
1036 2030 1148 2112 ρέθους
1173 2030 1275 2111 βαφὰς

650 2146 821 2226 καταμένοι
841 2147 983 2226 θρόνοισι
1004 2148 1254 2227 φορμοκτηρίοις,

648 2261 762 2334 κείνοις
785 2259 841 2341 ἐγὼ
865 2261 995 2340 δηναιὸν
1018 2259 1149 2337 ἄφθιτος
1172 2259 1232 2321 θεὰ

649 2375 858 2456 ροῥδηφόροις
882 2373 1021 2455 γυναιξὶν
1045 2373 1273 2452 οᾶδηθήσομοι.

429 2496 553 2555 Sensus
589 2493 718 2552 videtur
749 2505 823 2551 esse
856 2491 926 2551 bic:
965 2489 1187 2566 ,Dauniorum
1222 2490 1388 2565 principes
1422 2491 1536 2566 Salpes
1568 2493 1604 2552 ad

384 2609 476 2684 ripas
509 2606 625 2667 urbem
657 2603 847 2665 Dardanum
883 2619 984 2679 prope
1015 2619 1034 2664 a
1065 2604 1138 2664 lacu
1165 2603 1357 2664 habitantes
1387 2605 1501 2664 aedem
1533 2607 1609 2666 mihi

383 2719 613 2783 aedificabunt.
645 2718 706 2778 Sed
738 2717 885 2792 virgines
911 2717 1117 2779 matrimonii
1138 2717 1252 2792 iugum
1277 2718 1420 2793 effugere
1444 2721 1608 2795 cupientes

382 2837 556 2895 aversatus
590 2847 720 2908 procos,
751 2833 807 2905 qui
841 2831 995 2892 Hectoris
1023 2847 1116 2892 more
1147 2831 1327 2893 cincinnati
1356 2835 1391 2894 at
1421 2836 1550 2894 statura
1579 2836 1608 2894 et

384 2963 503 3024 genere
544 2947 680 3007 Hectori
713 2947 859 3021 impares
893 2946 973 3019 siut,
1009 2949 1148 3006 statuam
1182 2961 1288 3007 meam
1321 2948 1606 3022 amplectebamur,

382 3064 427 3123 sic
457 3061 639 3121 maximum
669 3064 778 3120 contro
807 3061 1051 3120 matrimonium
1080 3060 1139 3120 sibi
1156 3064 1309 3135 parantes
1331 3062 1501 3122 auxilium.
1526 3063 1606 3122 Furi·

381 3191 478 3235 arum
523 3173 701 3249 gestabunt
742 3177 889 3249 vestem,
933 3173 1084 3234 membra
1123 3175 1254 3247 tingeut
1293 3175 1522 3236 medicamine.
1562 3175 1607 3236 Ab

382 3290 474 3349 hisce
516 3303 594 3348 vero
637 3287 833 3348 mulieribus
875 3288 1004 3361 virgam
1045 3288 1256 3362 gestantibus
1290 3287 1345 3348 diu
1379 3289 1441 3349 dea
1474 3289 1609 3351 vocabor

385 3403 622 3478 sempiterna”.

426 3517 572 3591 Apparet
606 3515 775 3577 Diomedis
805 3517 838 3575 in
870 3530 987 3591 campo
1019 3516 1104 3591 apud
1137 3516 1302 3591 Salapiam
1333 3515 1448 3577 urbem
1474 3517 1608 3592 Apuliae

379 3631 484 3690 fuisse
507 3630 670 3705 templum
695 3629 901 3690 Cassandrae
925 3645 1068 3690 sacrum.
1092 3630 1269 3691 Diomedes
1291 3631 1379 3690 enim
1404 3644 1478 3691 cum
1499 3630 1606 3690 mulie·

382 3744 472 3804 ribus
505 3745 657 3820 troianis,
693 3758 776 3817 quae
810 3743 874 3804 sibl
908 3744 1072 3817 sociisque
1107 3744 1178 3804 suis
1209 3747 1284 3818 post
1314 3743 1445 3804 Troiam
1479 3747 1606 3818 captam

381 3860 472 3920 sorte
495 3858 645 3918 addictae
668 3861 777 3934 eraut,
807 3859 870 3916 truc
894 3857 1077 3932 appulerat,
1098 3857 1214 3917 Dauno
1233 3858 1302 3932 regi
1322 3858 1503 3933 opitulatus
1515 3860 1608 3932 atque

382 3971 416 4030 in
451 3973 578 4045 partem
613 3971 745 4045 imperit
774 3973 933 4044 exceptus
963 3971 1062 4030 urbes
1094 3971 1294 4031 condiderat.
1325 3971 1466 4031 Iuvenes
1494 3970 1607 4030 Daunii

383 4084 536 4145 Hectoris
559 4084 677 4144 dehinc
696 4084 728 4143 in
749 4085 924 4159 honorem,
945 4085 1010 4144 etsi
1030 4087 1158 4144 statura
1180 4087 1214 4145 et
1232 4099 1351 4159 genere
1370 4085 1463 4148 heroi
1483 4086 1607 4145 troiano

383 4201 496 4259 esseut
530 4198 689 4273 impares,
725 4197 843 4272 longos
878 4197 1053 4258 demittere
1096 4197 1249 4258 solebant
1269 4198 1419 4279 ‘capillos
1453 4202 1495 4269 (X
1523 4197 1605 4269 401).

383 4310 536 4385 Virgines
577 4312 703 4384 autem,
740 4313 901 4385 quotquot
934 4311 1186 4372 matrimonium
1222 4313 1437 4388 respuebant,
1455 4311 1605 4373 Dassau

383 4425 461 4484 drae
491 4424 525 4483 in
549 4400 723 4498 'comptum
753 4424 921 4498 fugientes
951 4424 1124 4485 Furiarum
1156 4426 1279 4486 vestitu
1311 4426 1452 4486 amictae
1476 4441 1608 4501 corpora

384 4539 602 4600 medicamine
633 4540 758 4600 tinctae
788 4540 917 4614 virgam
947 4555 1049 4600 manu
1073 4541 1227 4599 tenentes
1250 4539 1330 4600 deae
1353 4539 1517 4615 supplices
1539 4537 1607 4599 fleri

385 4654 484 4725 atque
507 4667 643 4714 manere
665 4652 826 4714 sotebant.

429 4766 594 4826 Mittimus
629 4767 889 4842 controversias,
925 4783 1008 4841 quae
1042 4767 1095 4827 bis
1125 4767 1165 4827 de
1189 4767 1338 4828 versibus
1361 4769 1447 4828 iuter
1471 4767 1608 4827 editores
