3525 5692
377 722 439 785 194
729 737 771 781 ua
793 737 1011 783 nusnnnours
1035 737 1230 783 rnnnoorrr.

373 903 418 988 ἧς
448 913 540 981 ταῖς
570 899 616 987 ἦν
642 907 878 987 Τροφώνιος
902 907 1068 982 σκότιος.
1092 902 1177 971 οὗτοι
1200 909 1233 970 ἐν
1249 908 1351 972 Ἤλιδι
1374 918 1509 991 ταμιεῖον
1532 938 1604 993 γρυ-

373 1025 499 1095 oudam
530 1022 753 1083 antaradenae
777 1020 894 1105 Αὖγείμ
919 1057 960 1068 -
984 1021 1126 1084 ἔκλεπτον
1148 1034 1210 1085 τῶν
1232 1026 1392 1104 χρημάτων
1415 1027 1491 1106 ἅμα
1514 1032 1603 1108 Κερ-

372 1138 504 1215 κυόνι,
532 1132 566 1209 ὃς
597 1128 636 1215 ἦν
666 1135 792 1216 γνήσιος
824 1137 1012 1216 Ἀγαμήδους
1041 1135 1092 1198 καὶ
1112 1133 1292 1217 Ἐπικάστης
1316 1139 1391 1213 υἱός.
1415 1143 1603 1219 Agamedes

371 1253 473 1328 igitur
503 1247 719 1327 Stymphaliae
748 1264 824 1311 cum
850 1252 999 1328 prtapno
1029 1253 1215 1329 Trophonio
1247 1257 1280 1316 et
1305 1253 1471 1330 cercyone
1494 1257 1604 1319 scelus

372 1367 622 1430 commiserunt.
643 1366 724 1441 Quid
741 1357 853 1428 autem
866 1368 986 1442 Minyis
998 1382 1073 1428 cum
1087 1383 1163 1442 rege
1176 1368 1375 1444 Stymphali,
1389 1371 1480 1432 urbis
1492 1374 1604 1447 procul

372 1497 392 1541 a
421 1481 588 1556 Triphylia
618 1480 651 1541 in
674 1481 831 1542 Arcadiae
853 1484 947 1557 parte
971 1482 1123 1542 orientali
1145 1482 1255 1543 sitae?
1280 1483 1361 1559 Quid
1384 1486 1503 1559 Minyis
1526 1502 1602 1546 curn

372 1596 557 1671 Trophonio
569 1595 625 1656 illo
637 1611 701 1654 κου
712 1596 846 1671 hydimo
858 1597 1000 1671 centuplo
1011 1589 1101 1656 orto?
1114 1597 1207 1659 Haud
1221 1598 1311 1658 snirn
1324 1598 1504 1660 verisimile
1517 1601 1604 1660 vids·

372 1713 427 1770 tur
449 1711 577 1784 Minyas
603 1708 800 1788 triphyllium
822 1711 1004 1771 incolentes
1027 1709 1164 1771 fluxisse
1185 1713 1340 1786 mytbum
1361 1713 1477 1786 inquo
1499 1709 1601 1790 Stym-

367 1825 495 1901 phaliae
514 1839 587 1899 rex,
612 1825 732 1885 alianae
755 1826 856 1900 igitur
879 1826 989 1900 gentis
1013 1826 1113 1886 horno
1137 1842 1155 1887 e
1178 1827 1312 1901 regione
1335 1842 1436 1901 quam
1457 1829 1605 1888 maxime

371 1941 515 2014 remota,
536 1939 603 2013 rapi
623 1938 723 1999 Eius
741 1939 936 2001 thesaurum
956 1937 1147 2000 aedificasse
1167 1940 1342 2001 diceretur.
1358 1941 1441 2001 Mam
1456 1956 1519 2014 quo
1531 1957 1606 2003 con·

371 2053 448 2113 silio
459 2068 556 2113 auum
568 2052 793 2126 Trophonium
805 2068 881 2113 cum
895 2051 961 2113 lilio
975 2053 1086 2126 spurio
1099 2053 1257 2114 obscurae
1270 2053 1442 2114 cuiusdam
1457 2055 1605 2132 reginae,

371 2165 575 2241 Agamedsm
593 2181 689 2225 auum
708 2180 783 2225 cum
804 2166 919 2239 ignoto
938 2179 1015 2240 rega
1027 2165 1117 2225 urbis
1129 2166 1242 2240 procul
1255 2166 1469 2227 absconditae
1482 2171 1608 2228 mutas·

371 2281 470 2340 sent?
490 2279 599 2340 Gloria
610 2281 723 2339 autem
736 2293 880 2352 quanam
893 2277 1020 2355 Minyae
1032 2281 1186 2354 poterant
1198 2279 1296 2357 afflui,
1310 2281 1339 2341 si
1353 2276 1458 2340 Areua
1469 2280 1602 2354 quidam

371 2393 482 2453 Εῑικυι
512 2393 692 2467 spoliaret?
722 2393 829 2452 Immo
860 2392 923 2452 hae
954 2393 1172 2469 mutationes,
1205 2379 1331 2455 mentio
1362 2393 1498 2454 Daedali
1520 2394 1604 2455 forte

370 2507 505 2568 lortuna
527 2506 611 2580 apud
636 2507 777 2580 Augiam
801 2506 963 2580 degentis,
989 2507 1132 2580 produnt
1154 2506 1312 2567 seriorem
1337 2507 1525 2584 μυθοποιόν.

419 2619 499 2696 Quis
533 2622 645 2679 autem
682 2619 782 2679 luerit
816 2619 873 2678 ille
908 2618 1043 2679 dubium
1081 2633 1154 2680 esse
1190 2635 1255 2680 non
1290 2623 1415 2698 potest,
1450 2636 1526 2682 cum
1562 2637 1603 2683 ex

374 2734 489 2794 Proclo
532 2735 662 2792 constet
702 2732 966 2806 Eugammonam
1002 2731 1205 2806 cyrenaeum
1240 2733 1273 2792 in
1309 2733 1487 2808 Telegonia
1519 2735 1606 2795 hanc

374 2846 521 2908 rabulam
535 2846 662 2920 Augias
672 2849 855 2920 tractass03
868 2845 909 2906 ab
923 2845 994 2922 hoo,
1009 2848 1134 2921 opinor,
1149 2844 1282 2906 Oharax
1297 2849 1415 2922 postea
1426 2849 1602 2908 materiam

373 2975 470 3021 suam
506 2962 681 3020 mutuatus
715 2961 776 3020 est.
812 2960 1002 3034 Antequam
1038 2975 1116 3019 vero
1152 2958 1280 3020 efficere
1314 2975 1482 3036 conemur,
1518 2962 1605 3022 unde

373 3075 580 3148 Eugammou
615 3075 849 3148 argumentum
886 3073 1021 3148 petierit
1055 3075 1090 3133 st
1120 3088 1178 3133 cur
1208 3073 1357 3148 cyrenae
1391 3075 1602 3150 potissimum

350 3186 352 3192 ‘
372 3187 549 3262 Trophonii
572 3186 711 3247 historia
733 3187 779 3247 sit
801 3189 960 3262 tractata,
981 3187 1262 3261 praemittendam
1283 3189 1362 3260 puto
1381 3186 1482 3248 aliam
1496 3188 1604 3250 obser·

372 3302 539 3383 rationem
563 3301 602 3362 de
624 3301 866 3360 Psammetichi
889 3299 1129 3375 stipendiariis,
1154 3315 1236 3374 quos
1260 3300 1415 3375 mythum
1440 3301 1603 3363 Graecum

372 3417 406 3476 in
441 3416 629 3489 Aegyptum
665 3413 893 3477 introduxisse
936 3415 970 3474 et
1004 3413 1196 3488 divulgasse
1233 3415 1384 3489 perhibet
1417 3414 1605 3477 Muellerus.

372 3530 491 3590 Narrat
527 3529 616 3588 enim
651 3527 840 3588 Herodotus
874 3527 916 3603 II,
944 3528 1025 3588 154:
1055 3531 1150 3604 „rotor
1173 3523 1206 3586 δὲ
1223 3524 1305 3587 Ἴωσι
1327 3523 1378 3586 καὶ
1400 3530 1478 3586 τοῖσι
1501 3526 1602 3606 Καρσὶ

371 3649 447 3704 τοῖσι
479 3640 824 3722 συγκατεργασαμένοισι
846 3639 928 3725 αὐτῷ
952 3638 968 3701 ὅ
996 3640 1193 3720 Ψαμμήτιχος
1218 3641 1324 3701 δίδωσι
1347 3640 1462 3721 χώρους
1485 3639 1604 3718 ἐνοικῆ-

373 3775 424 3818 σαι
448 3791 489 3802 -
511 3755 564 3816 καὶ
587 3754 625 3834 δὴ
648 3754 701 3816 καὶ
731 3755 844 3827 παῖδας
867 3753 1019 3835 παρέβαλε
1043 3752 1162 3815 αὐτοῖσι
1187 3753 1374 3834 Αἰγυπτίους
1397 3751 1453 3831 τὴν
1471 3748 1604 3814 Ἑλλάδα

372 3877 510 3951 γλῶσσαν
532 3868 797 3931 dubitabantur&
823 3869 988 3944 Regnavit
1012 3869 1066 3928 hic
1090 3884 1147 3929 rex
1173 3867 1213 3928 ab
1237 3883 1324 3928 anno
1346 3870 1427 3930 6640
1447 3869 1603 3943 usquead

377 3987 522 4048 610111a.
553 3984 586 4046 C.
618 4001 669 4057 n.;
703 3984 908 4059 stipendiarii
943 3983 1015 4042 sius
1049 3981 1139 4042 Ioues
1173 3985 1199 4041 et
1237 3976 1334 4042 Cares
1368 3982 1602 4044 documentum

374 4100 577 4173 reliquerunt
600 4100 634 4160 in
659 4099 799 4159 colossis
822 4098 907 4171 apud
931 4095 1004 4156 Abu
1029 4096 1153 4156 Simbel
1179 4096 1299 4169 positis
1317 4093 1349 4165 ¹).
1375 4095 1481 4170 Aptos
1505 4097 1605 4171 igitur

373 4215 477 4275 luisse
500 4215 561 4274 bos
584 4215 723 4287 milites,
748 4213 803 4286 qui
826 4212 1135 4286 ludimagistrorum
1159 4210 1231 4270 vice
1254 4210 1481 4285 iungerentur,
1506 4226 1605 4272 nemo

373 4328 519 4403 negabit,
551 4344 629 4388 nam
660 4328 771 4388 Ionica
802 4325 1021 4399 loquebantur
1051 4325 1198 4398 itemque
1222 4325 1291 4384 arte
1315 4323 1447 4398 legendi
1469 4326 1504 4384 st
1527 4325 1603 4385 scri·

369 4442 467 4503 bandi
490 4442 655 4502 valebant.
680 4440 780 4512 Addit
804 4455 883 4501 vero
908 4438 1103 4499 Muellerus:
1130 4426 1296 4513 „mythos
1311 4452 1440 4511 quoque
1460 4437 1602 4499 Graecos

370 4556 540 4617 martiales
575 4555 648 4616 illos
684 4554 864 4629 magistros
900 4552 1086 4628 docuisse'’,
1123 4552 1208 4624 quod
1241 4550 1319 4612 licet
1348 4566 1468 4625 negare
1499 4551 1600 4612 nolim

404 4834 423 4899 ¹)
443 4840 482 4886 Ds
500 4841 586 4885 aetate
603 4836 656 4884 vid.
674 4837 703 4885 A.
723 4837 864 4885 Kirohhoff
879 4837 954 4886 Stnd.
974 4850 997 4884 a.
1015 4835 1110 4884 Gesoh.
1128 4834 1174 4883 des
1191 4836 1294 4883 Griseh.
1312 4830 1401 4896 Alph.⁴
1416 4848 1443 4896 p.
1461 4835 1503 4885 at.
