3525 5692
519 740 561 785 nn
584 740 802 786 nncnnuonrs
826 742 1022 788 hauncourt.
1316 729 1377 792 195

150 915 267 973 tamen
297 835 394 975 orfute
425 914 652 989 accipiendum
683 917 747 989 est,
769 929 844 975 cum
868 916 908 976 de
931 915 1051 975 tabulis
1074 916 1202 977 mediae
1226 916 1379 979 Graeciae

152 1043 234 1088 num
265 1031 381 1089 notum
412 1028 490 1103 quid
521 1028 698 1089 habuerint
727 1030 760 1088 hl
788 1028 928 1105 milites,
954 1030 1049 1091 valde
1071 1031 1271 1092 dubitemus.
1295 1032 1378 1094 Vali-

152 1141 361 1216 dictasunt,
392 1157 477 1215 quae
507 1142 547 1202 (le
568 1141 729 1203 affinitate
753 1143 880 1217 Augias
903 1158 979 1203 cum
1003 1143 1126 1218 Hyrieo
1149 1147 1295 1220 protulit.
1320 1149 1377 1208 Ob·

153 1258 268 1314 servat
302 1255 391 1315 enim
425 1258 568 1316 matrem
599 1256 727 1330 Augiae
761 1257 947 1331 Hyrminen
977 1258 1082 1319 tuisse
1113 1257 1214 1320 tiliam
1246 1260 1376 1340 Nyctei,

153 1369 209 1441 qui
243 1368 314 1444 ipse
345 1369 467 1443 Hyrieo
497 1371 592 1445 patre
623 1372 790 1442 uteretur;
818 1371 936 1431 deinde
959 1371 1143 1433 exclamat:
1169 1373 1270 1449 ,Was
1292 1376 1379 1438 lrann

154 1480 339 1542 offenbarer
362 1483 449 1556 sein,
474 1483 524 1543 als
546 1482 625 1544 dass
648 1484 815 1544 zwischen
838 1485 901 1544 den
926 1484 1033 1559 Sagen
1057 1501 1122 1546 von
1145 1487 1219 1548 dem
1240 1489 1380 1552 Schatze

154 1595 212 1655 des
246 1595 390 1669 Hyrieus
424 1597 491 1656 und
524 1597 600 1656 dem
631 1597 690 1657 des
722 1598 866 1672 Angeias
898 1599 949 1658 ein
981 1598 1114 1660 tielercr
1144 1601 1210 1661 und
1239 1603 1273 1662 in
1297 1603 1380 1665 alter

153 1709 554 1770 Stammverwandschatt
582 1710 800 1785 begrnndeter
830 1711 1121 1788 Zusammenhang
1150 1716 1235 1775 statt
1262 1714 1381 1778 finde.”

154 1823 243 1898 Quae
277 1821 421 1882 affinitas
454 1822 533 1884 licet
566 1839 632 1885 non
667 1825 752 1900 apud
790 1826 1010 1899 antiquiorem
1041 1830 1225 1905 auctorem,
1258 1832 1315 1893 sed
1346 1833 1379 1892 in

153 1935 280 1997 scholio
315 1937 355 1996 ad
389 1937 498 2012 Apoll.
532 1939 637 1999 Rhod.
673 1940 689 1998 Ι
726 1941 788 1999 172
823 1941 996 2017 referatur,
1031 1943 1170 2003 nimiam
1204 1945 1272 2005 vim
1305 1946 1381 2007 huic

153 2053 351 2125 argumento
373 2050 531 2112 tribuisse
554 2053 731 2114 Muellerus
753 2069 819 2114 non
843 2054 984 2115 videtur.

198 2277 284 2337 Sunt
317 2280 372 2352 qui
406 2280 588 2340 concedant
621 2280 767 2340 tabulam
799 2283 839 2343 de
869 2283 985 2358 Hyriei
1015 2285 1173 2345 thesauro
1197 2288 1382 2361 spoliatos

153 2389 273 2464 Minyis
303 2389 494 2466 'triphyliae
524 2393 649 2452 colonis
678 2395 710 2452 in
735 2394 877 2468 Augiam
902 2395 1007 2456 fuisse
1029 2398 1226 2459 translatum
1253 2415 1381 2462 necnon

153 2518 276 2564 novam
301 2505 387 2564 viam
408 2506 621 2582 quaesierint,
646 2522 710 2580 qua
729 2508 860 2569 fabulae
879 2510 1090 2570 tralationem
1112 2527 1129 2571 e
1153 2512 1324 2589 Triphylia
1346 2516 1380 2576 in

23 2606 24 2649 ³
153 2617 300 2692 Cyrenen
332 2622 431 2692 atque
461 2621 537 2681 inde
566 2621 600 2680 in
623 2622 814 2698 Aegyptum
837 2623 921 2682 satis
945 2626 1020 2699 apte
1044 2625 1210 2699 explicare
1233 2633 1381 2702 possent.

153 2732 309 2806 Legimus
338 2735 423 2809 apud
451 2732 729 2804 studniczkam1)
753 2737 787 2795 in
809 2736 893 2797 libro
916 2739 955 2797 de
980 2738 1058 2798 urbe
1083 2737 1207 2812 cyrone
1231 2741 1380 2802 condita:

23 2912 24 2915 Ἴ
156 2845 234 2920 ,liin
261 2847 444 2908 deutlicher
470 2848 540 2923 Zug
563 2849 877 2926 peloponnesischen
900 2851 1082 2911 liintlusses
1105 2858 1161 2922 (sc.
1186 2853 1220 2912 in
1243 2855 1382 2916 historia

23 2948 24 2965 ³
153 2960 275 3019 tradita
305 2961 344 3022 de
377 2962 469 3022 urbis
507 2934 652 3038 Cyrenes
686 2964 825 3038 origine)
860 2965 906 3024 ist
940 2980 976 3025 es
1010 2967 1109 3042 auch,
1142 2980 1237 3026 wenn
1268 2969 1301 3027 in
1324 2970 1381 3029 der

155 3072 329 3148 Telegonie
366 3077 424 3138 des
455 3077 661 3153 Eugammon
694 3079 745 3139 die
773 3079 996 3153 altminysche
1026 3081 1110 3154 Saga
1141 3097 1218 3142 vom
1249 3082 1380 3143 Schatz·

153 3189 254 3248 raube
288 3189 346 3251 des
375 3191 581 3266 Trophonios
615 3193 681 3252 und
717 3193 904 3267 Agamedes
934 3193 1026 3253 nicht
1062 3195 1120 3254 aul
1153 3196 1212 3255 das
1247 3195 1380 3257 Schatz·

154 3302 237 3362 haus
278 3303 336 3364 des
378 3305 535 3382 Hyrieus,
577 3306 719 3367 sondern
762 3307 821 3367 aul
858 3307 919 3367 das
959 3308 1018 3368 des
1059 3309 1202 3382 Angeias
1235 3309 1379 3384 bezogen

154 3417 245 3478 wird.
277 3417 345 3479 Das
374 3420 433 3480 hat
454 3421 547 3481 selue
575 3420 865 3481 Beiremdlichkeit
889 3420 1053 3496 verloren,
1079 3423 1241 3482 nachdem
1265 3423 1381 3484 Svoro·

155 3544 215 3590 nos
245 3530 334 3599 (Gaz.
367 3534 465 3594 Arch.
493 3534 578 3595 1888
601 3534 679 3594 XIV
702 3550 733 3609 p.
758 3535 822 3594 257
847 3539 930 3608 sqq.)
961 3549 1025 3594 uns
1057 3534 1185 3595 belehrt
1214 3537 1285 3612 hat,
1318 3538 1380 3596 wie

154 3644 206 3704 ein
237 3649 297 3719 gut
327 3647 429 3707 Stuck
452 3647 509 3708 der
531 3663 595 3708 von
619 3647 827 3722 Eugammon
850 3648 1094 3708 verarbeiteten
1120 3648 1381 3726 odysseus-sago

154 3757 187 3817 in
220 3760 387 3823 Arkadien
422 3761 584 3821 heimisch
621 3776 700 3837 war,
743 3762 808 3821 und
850 3776 940 3821 zwar
973 3762 1093 3835 gerade
1128 3763 1161 3822 in
1195 3764 1379 3842 Mantinea,

154 3873 266 3933 woher
295 3876 366 3935 sich
397 3875 450 3936 die
480 3876 650 3949 Kyrenaer
674 3875 746 3935 eine
771 3875 968 3937 Generation
993 3879 1105 3951 spater
1130 3877 1224 3938 ihren
1248 3878 1380 3940 Gesetz·

154 3986 252 4059 geber
286 3987 460 4049 Demonax
493 3989 559 4049 und
595 3989 682 4050 wohl
717 3989 801 4049 auch
838 3989 901 4049 den
936 3989 1023 4050 Zeus
1057 3990 1198 4064 Lykaios
1232 3992 1380 4054 holten.”

154 4099 335 4162 Videamus
358 4102 436 4177 ipsi,
460 4117 531 4162 rem
554 4103 652 4177 paulo
676 4103 776 4163 altius
801 4105 1000 4178 repetentes.

201 4215 340 4290 ,Procos
375 4231 450 4275 cum
484 4216 704 4290 interfeceris,
736 4216 844 4289 inquit
871 4216 1017 4276 Tiresias
1041 4219 1080 4276 ad
1104 4217 1238 4278 Ulixem
1263 4222 1289 4288 (1
1316 4221 1378 4280 119

153 4333 249 4405 sqq),
274 4343 367 4389 remo
390 4332 503 4389 sumto
526 4333 651 4389 terram
674 4328 858 4404 perlustra,
884 4331 986 4390 donec
1009 4331 1140 4390 veneris
1160 4332 1200 4390 ad
1220 4346 1290 4407 eos,
1311 4333 1378 4405 qui·

152 4443 213 4504 bus
248 4457 356 4518 mare,
390 4457 508 4518 naves,
545 4442 629 4503 remi
661 4443 759 4517 plane
790 4443 858 4503 sint
889 4444 1014 4517 ignota.
1048 4443 1138 4504 Dabo
1166 4443 1227 4504 tibi
1251 4447 1377 4505 certum

151 4557 324 4634 indicium,
345 4573 424 4619 nam
443 4559 586 4620 simulac
605 4560 715 4620 viator
735 4559 853 4633 aliquis
873 4560 994 4620 dixerit
1005 4561 1228 4620 ventilabrum
1242 4562 1380 4622 humero

182 4813 202 4875 ¹)
220 4817 323 4875 Kyrene
342 4816 400 4866 eine
419 4818 620 4877 sltgriechische
638 4819 728 4866 thtin
748 4820 813 4865 l8llll
830 4832 856 4878 p.
876 4820 933 4865 120.
