3525 5692
377 707 439 771 104
900 726 941 769 nn
964 725 1073 770 arsos.

371 894 540 956 voluimus
558 895 645 956 hunc
663 910 789 956 nexum
810 911 875 955 uon
897 897 994 957 modo
1014 896 1176 970 quadrare
1196 896 1230 956 in
1250 896 1433 970 priscorum
1447 894 1601 955 Graeciae

371 1007 557 1069 incolarum
591 1008 630 1069 de
665 1009 771 1068 sacris
805 1010 905 1069 rebus
940 1009 1077 1086 placita,
1118 1010 1177 1070 sed
1207 1009 1377 1070 vinculum
1409 1007 1478 1068 tale
1500 1008 1601 1067 luisse

371 1122 468 1196 quale
490 1136 549 1196 pro
572 1121 625 1182 his
647 1122 780 1196 placitis
805 1123 992 1198 exspectari
1015 1125 1140 1199 posset.

891 1409 1078 1418 —————-

551 1697 685 1764 xvlll.
717 1697 770 1763 lle
793 1696 976 1779 virgiuum
999 1696 1213 1763 locrensium
1237 1696 1421 1764 sacrificio.

415 1912 488 1972 Non
512 1911 609 1972 modo
632 1910 820 1985 Dardanus,
845 1910 991 1985 Aeneas,
1018 1909 1183 1970 Anchises
1205 1909 1239 1969 in
1267 1908 1490 1984 Peloponneso
1513 1908 1602 1966 inve·

370 2025 519 2101 niuntur‚
541 2025 600 2084 sed
623 2024 659 2083 in
682 2023 797 2084 eadem
821 2023 957 2098 regione
981 2022 1133 2083 Mercurii
1158 2022 1248 2083 cultu
1271 2023 1449 2083 notissima
1471 2021 1602 2082 offendi·

370 2152 447 2197 mue
480 2131 718 2198 Lamedontem
761 2136 952 2210 Sicyonium
996 2151 1122 2211 regem,
1166 2151 1264 2210 quem
1310 2137 1437 2211 nullus,
1474 2135 1597 2210 opinor,

371 2266 543 2312 secernere
578 2251 651 2312 vult
681 2283 725 2294 -—
753 2252 838 2324 quod
874 2251 915 2310 ad
951 2264 1073 2311 nomen
1108 2250 1299 2309 attinet-
1328 2265 1347 2310 a
1380 2250 1508 2310 notiore
1542 2249 1599 2308 illo

372 2364 592 2426 Laomedonte
616 2365 768 2426 Troiano.
794 2363 884 2439 Quod
908 2364 1055 2437 siquem
1076 2363 1164 2424 male
1184 2363 1330 2423 habeant
1348 2362 1465 2424 literae
1484 2362 1522 2423 ao
1534 2363 1601 2424 ina

371 2480 575 2554 contractae,
616 2477 713 2538 adeat
749 2490 907 2551 magnam
938 2476 1170 2552 exemplorum
1201 2476 1327 2551 copiam
1355 2478 1549 2550 congestam
1580 2493 1599 2537 a

371 2591 604 2652 secaret-uici<
628 2590 693 2660 (Gr.
717 2590 1010 2650 Personennamen
1033 2605 1064 2664 p.
1088 2589 1151 2649 184
1174 2592 1266 2662 sqq-l.
1290 2589 1456 2650 Lamedon
1480 2592 1601 2662 gnatus

370 2705 441 2764 erat
464 2703 598 2777 (loroni;
622 2705 793 2779 pepererat
816 2704 903 2763 hunc
927 2701 1129 2776 Chrysorthe
1151 2703 1237 2777 apud
1262 2702 1459 2777 Apollinem.
1482 2701 1602 2763 (lenuit

372 2817 540 2878 Lamedon
556 2815 660 2877 tiliam
680 2816 880 2891 Zeuatppum
900 2831 937 2875 cx
955 2830 1053 2875 oxma
1065 2815 1168 2876 attico.
1182 2815 1338 2892 Zeum'ppd
1354 2819 1468 2877 autem
1489 2817 1602 2891 nupsit

371 2931 503 3005 Sicyoni
533 2929 686 2991 Metionis
714 2927 792 2992 illio.
825 2928 904 3004 Quis
936 2943 1014 2989 vero
1038 2928 1159 2988 Metion
1184 2930 1280 2988 erat?
1305 2929 1479 2990 Erechthei
1501 2928 1600 2990 illins.

369 3042 482 3103 Denuo
506 3057 687 3117 versamur,
713 3043 749 3101 ut
773 3043 924 3117 apparet,
946 3040 979 3101 in
1000 3042 1174 3101 nominum
1192 3041 1291 3118 serie,
1317 3056 1400 3116 quae
1423 3041 1598 3116 Troadem,

369 3154 531 3229 Atticam,
567 3153 785 3228 Peloponnesi
819 3155 949 3228 partem
985 3153 1184 3214 orientalem
1215 3155 1437 3230 amplectitur.
1467 3154 1601 3215 Minime

369 3268 471 3342 igitur
501 3268 663 3328 miramur
689 3301 727 3310 -
753 3267 850 3327 docet
880 3281 951 3327 rem
988 3266 1152 3327 scholium
1184 3266 1224 3326 ad
1253 3270 1284 3325 Γ
1310 3269 1375 3329 250
1401 3301 1440 3311 -
1464 3268 1599 3328 Laome·

368 3381 503 3441 dentem
523 3396 599 3440 cum
618 3380 776 3454 Zeuetppe
795 3381 867 3454 ipsa
890 3380 923 3440 in
947 3379 1073 3440 Troade
1097 3380 1253 3454 genuisse
1275 3379 1382 3441 illium
1405 3381 1598 3457 Podarcem‚

369 3494 422 3554 oui
444 3494 563 3568 postea
584 3492 711 3552 Priami
733 3491 798 3551 fuit
820 3506 952 3553 nomen.

413 3607 579 3667 Lamedon
596 3607 759 3667 successit
778 3606 923 3681 spopeo,
945 3607 999 3679 qui
1012 3606 1147 3666 vitiavit
1159 3607 1350 3684 Antiopam.
1372 3607 1491 3668 Statua
1501 3607 1599 3668 huius

368 3719 530 3792 Antiopae
561 3719 699 3794 Sicyone
722 3720 757 3779 in
787 3720 867 3781 aede
898 3718 1038 3781 Veneris
1066 3724 1149 3782 erat.
1180 3720 1282 3784 Cuius
1313 3721 1361 3782 rei
1387 3737 1516 3782 memor
1537 3722 1597 3798 sit,

367 3832 423 3904 qui
452 3833 538 3907 apud
569 3832 707 3892 Suidam
730 3835 769 3901 (s.
790 3847 821 3893 v.
847 3832 997 3909 Ἀντιόπη)
1030 3833 1110 3907 legit
1132 3828 1297 3908 virginem
1320 3835 1449 3909 ipsein
1472 3836 1598 3909 templo

367 3944 521 4004 vitiatam
545 3944 659 4005 tuisse.
692 3944 815 4004 Notum
843 3945 935 4004 enim
959 3947 1195 4020 argumentum
1219 3950 1285 4024 est,
1311 3947 1397 4020 quod
1420 3947 1599 4009 revertitur

364 4057 399 4116 in
426 4056 541 4117 fabula
571 4057 611 4117 de
642 4057 818 4133 Melanippi
842 4061 876 4119 et
899 4058 1102 4120 Oomaethus
1124 4059 1295 4120 amoribus
1317 4062 1452 4120 narrata
1475 4075 1495 4120 a
1517 4059 1597 4120 Pau·

365 4171 462 4230 senia
496 4169 579 4246 (VII,
607 4171 658 4247 19,
684 4172 726 4238 2).
762 4171 893 4230 Horum
925 4186 1054 4245 quoque
1084 4186 1216 4233 amores
1238 4173 1451 4234 inconcessus
1473 4172 1599 4234 Dianae

365 4281 400 4341 in
417 4281 493 4342 iano
511 4285 664 4357 peractos
682 4286 798 4344 secuta
816 4286 868 4344 est
888 4299 993 4360 poena
1012 4286 1166 4360 deorum;
1188 4286 1307 4347 dehinc
1326 4301 1472 4347 annuum
1486 4301 1597 4361 puero·

364 4409 439 4455 rum
462 4393 662 4456 sacrificium
687 4396 727 4455 ab
751 4397 894 4457 Achaeis
918 4397 998 4458 deae
1021 4399 1125 4459 iratae
1153 4398 1359 4459 offerendum
1383 4401 1464 4460 erat.

409 4507 579 4569 Eiusmodi
619 4507 822 4570 sacrificium
864 4510 1030 4572 Minervae
1066 4511 1230 4572 debebant
1264 4513 1456 4573 Locrenses.
1491 4510 1599 4573 Causa

363 4621 452 4700 erat,
487 4622 517 4681 ei
550 4625 704 4695 posteros
738 4624 848 4699 audie,
879 4624 1092 4698 sacrilegium
1123 4624 1162 4685 ab
1196 4625 1296 4684 Aiace
1318 4625 1353 4685 in
1378 4625 1597 4686 Cassandram

363 4735 546 4809 patratum.
570 4734 678 4809 Digna
701 4738 815 4796 autem
839 4739 892 4796 est
913 4752 983 4813 res,
1008 4752 1090 4810 quae
1114 4739 1304 4799 accuratius
1326 4740 1500 4800 tractetur.
