<?xml version="1.0" encoding="UTF-8"?>
<!DOCTYPE html PUBLIC "-//W3C//DTD XHTML 1.0 Transitional//EN"
    "http://www.w3.org/TR/xhtml1/DTD/xhtml1-transitional.dtd">
<html xmlns="http://www.w3.org/1999/xhtml" xml:lang="en" lang="en">
 <head>
  <title>
</title>
<meta http-equiv="Content-Type" content="text/html;charset=utf-8" />
  <meta name='ocr-system' content='tesseract 3.04.00' />
  <meta name='ocr-capabilities' content='ocr_page ocr_carea ocr_par ocr_line ocrx_word'/>
</head>
<body>
  <div class='ocr_page' id='page_1' title='image "./deajacisorigine00vgoog_0017.png"; bbox 0 0 3525 5692; ppageno 0'>
   <div class='ocr_carea' id='block_1_1' title="bbox 713 730 1415 790">
    <p class='ocr_par' dir='ltr' id='par_1_1' title="bbox 713 730 1415 790">
     <span class='ocr_line' id='line_1_1' title="bbox 713 730 1415 790; baseline 0 -2"><span class='ocrx_word' id='word_1_1' title='bbox 713 745 754 788; x_wconf 84' lang='lat' dir='ltr'>nn</span> <span class='ocrx_word' id='word_1_2' title='bbox 778 745 890 790; x_wconf 75' lang='lat' dir='ltr'>arnon.</span> <span class='ocrx_word' id='word_1_3' title='bbox 1388 730 1415 788; x_wconf 68' lang='grc'>’5</span> 
     </span>
    </p>
   </div>
   <div class='ocr_carea' id='block_1_2' title="bbox 185 906 1439 2925">
    <p class='ocr_par' dir='ltr' id='par_1_2' title="bbox 189 906 1415 1430">
     <span class='ocr_line' id='line_1_2' title="bbox 189 906 1415 994; baseline 0.005 -26"><span class='ocrx_word' id='word_1_4' title='bbox 189 906 295 987; x_wconf 66' lang='grc' dir='ltr'><strong><em>πέλτης</em></strong></span> <span class='ocrx_word' id='word_1_5' title='bbox 315 908 399 984; x_wconf 75' lang='grc' dir='ltr'><strong><em>ἅναξ.</em></strong></span> <span class='ocrx_word' id='word_1_6' title='bbox 420 914 445 973; x_wconf 80' lang='grc' dir='ltr'>Ε</span> <span class='ocrx_word' id='word_1_7' title='bbox 464 914 605 976; x_wconf 77' lang='lat' dir='ltr'>Thracia</span> <span class='ocrx_word' id='word_1_8' title='bbox 624 917 734 993; x_wconf 79' lang='lat' dir='ltr'>igitur,</span> <span class='ocrx_word' id='word_1_9' title='bbox 754 932 838 990; x_wconf 87' lang='lat' dir='ltr'>quae</span> <span class='ocrx_word' id='word_1_10' title='bbox 858 920 947 994; x_wconf 83' lang='lat' dir='ltr'>regio</span> <span class='ocrx_word' id='word_1_11' title='bbox 968 921 1020 980; x_wconf 91' lang='lat' dir='ltr'>his</span> <span class='ocrx_word' id='word_1_12' title='bbox 1040 920 1137 980; x_wconf 90' lang='lat' dir='ltr'>annis</span> <span class='ocrx_word' id='word_1_13' title='bbox 1157 915 1415 979; x_wconf 78' lang='lat' dir='ltr'>Atheniensibus</span> 
     </span>
     <span class='ocr_line' id='line_1_3' title="bbox 189 1024 1415 1106; baseline 0.005 -24"><span class='ocrx_word' id='word_1_14' title='bbox 189 1024 298 1098; x_wconf 84' lang='lat' dir='ltr'>magis</span> <span class='ocrx_word' id='word_1_15' title='bbox 340 1027 511 1100; x_wconf 76' lang='lat' dir='ltr'><strong>magisque</strong></span> <span class='ocrx_word' id='word_1_16' title='bbox 553 1028 795 1106; x_wconf 79' lang='lat' dir='ltr'>innotescebat,</span> <span class='ocrx_word' id='word_1_17' title='bbox 831 1031 921 1105; x_wconf 88' lang='lat' dir='ltr'>pelta</span> <span class='ocrx_word' id='word_1_18' title='bbox 954 1032 988 1091; x_wconf 93' lang='lat' dir='ltr'>in</span> <span class='ocrx_word' id='word_1_19' title='bbox 1024 1032 1195 1092; x_wconf 80' lang='lat' dir='ltr'>Graeciam</span> <span class='ocrx_word' id='word_1_20' title='bbox 1226 1029 1415 1090; x_wconf 87' lang='lat' dir='ltr'>introducta</span> 
     </span>
     <span class='ocr_line' id='line_1_4' title="bbox 189 1129 1413 1206; baseline 0.004 -10"><span class='ocrx_word' id='word_1_21' title='bbox 189 1137 329 1200; x_wconf 88' lang='lat' dir='ltr'>videtur.</span> <span class='ocrx_word' id='word_1_22' title='bbox 360 1140 447 1200; x_wconf 85' lang='lat' dir='ltr'>Num</span> <span class='ocrx_word' id='word_1_23' title='bbox 471 1140 556 1202; x_wconf 84' lang='lat' dir='ltr'>forte</span> <span class='ocrx_word' id='word_1_24' title='bbox 579 1157 654 1202; x_wconf 89' lang='lat' dir='ltr'>cum</span> <span class='ocrx_word' id='word_1_25' title='bbox 679 1159 714 1203; x_wconf 90' lang='lat' dir='ltr'>re</span> <span class='ocrx_word' id='word_1_26' title='bbox 737 1158 859 1204; x_wconf 87' lang='lat' dir='ltr'>nomen</span> <span class='ocrx_word' id='word_1_27' title='bbox 883 1145 984 1206; x_wconf 89' lang='lat' dir='ltr'>simul</span> <span class='ocrx_word' id='word_1_28' title='bbox 1006 1146 1206 1206; x_wconf 80' lang='lat' dir='ltr'>invadebat?</span> <span class='ocrx_word' id='word_1_29' title='bbox 1230 1129 1413 1205; x_wconf 81' lang='lat' dir='ltr'>observatu</span> 
     </span>
     <span class='ocr_line' id='line_1_5' title="bbox 190 1253 1414 1332; baseline 0.004 -21"><span class='ocrx_word' id='word_1_30' title='bbox 190 1253 277 1313; x_wconf 83' lang='lat' dir='ltr'>certe</span> <span class='ocrx_word' id='word_1_31' title='bbox 300 1253 437 1328; x_wconf 85' lang='lat' dir='ltr'>dignum</span> <span class='ocrx_word' id='word_1_32' title='bbox 461 1258 526 1332; x_wconf 89' lang='lat' dir='ltr'>est,</span> <span class='ocrx_word' id='word_1_33' title='bbox 559 1259 685 1317; x_wconf 90' lang='lat' dir='ltr'>cetram</span> <span class='ocrx_word' id='word_1_34' title='bbox 716 1258 879 1319; x_wconf 82' lang='lat' dir='ltr'>thraciam</span> <span class='ocrx_word' id='word_1_35' title='bbox 912 1275 992 1320; x_wconf 92' lang='lat' dir='ltr'>auro</span> <span class='ocrx_word' id='word_1_36' title='bbox 1023 1262 1177 1320; x_wconf 82' lang='lat' dir='ltr'>ornatam</span> <span class='ocrx_word' id='word_1_37' title='bbox 1207 1257 1335 1331; x_wconf 88' lang='lat' dir='ltr'>vocari;</span> <span class='ocrx_word' id='word_1_38' title='bbox 1366 1256 1414 1316; x_wconf 90' lang='lat' dir='ltr'>sic</span> 
     </span>
     <span class='ocr_line' id='line_1_6' title="bbox 189 1365 469 1430; baseline 0.018 -6"><span class='ocrx_word' id='word_1_39' title='bbox 189 1365 288 1429; x_wconf 87' lang='lat' dir='ltr'>Rhes.</span> <span class='ocrx_word' id='word_1_40' title='bbox 313 1383 363 1430; x_wconf 87' lang='lat' dir='ltr'>vs.</span> <span class='ocrx_word' id='word_1_41' title='bbox 388 1369 469 1429; x_wconf 80' lang='lat'>370:</span> 
     </span>
    </p>

    <p class='ocr_par' dir='ltr' id='par_1_3' title="bbox 455 1479 946 1565">
     <span class='ocr_line' id='line_1_7' title="bbox 455 1479 946 1565; baseline 0.004 -23"><span class='ocrx_word' id='word_1_42' title='bbox 455 1479 539 1560; x_wconf 74' lang='lat' dir='ltr'>tici,</span> <span class='ocrx_word' id='word_1_43' title='bbox 562 1483 698 1563; x_wconf 81' lang='grc' dir='ltr'><strong><em>φάνηθι,</em></strong></span> <span class='ocrx_word' id='word_1_44' title='bbox 718 1482 774 1544; x_wconf 79' lang='grc' dir='ltr'>τὰν</span> <span class='ocrx_word' id='word_1_45' title='bbox 798 1485 946 1565; x_wconf 76' lang='grc' dir='ltr'><strong><em>ζάχρυσον</em></strong></span> 
     </span>
    </p>

    <p class='ocr_par' dir='ltr' id='par_1_4' title="bbox 455 1595 1094 1680">
     <span class='ocr_line' id='line_1_8' title="bbox 455 1595 1094 1680; baseline 0.003 -23"><span class='ocrx_word' id='word_1_46' title='bbox 455 1597 590 1680; x_wconf 76' lang='grc' dir='ltr'><strong><em>Πηλείδμ</em></strong></span> <span class='ocrx_word' id='word_1_47' title='bbox 613 1599 771 1677; x_wconf 79' lang='grc' dir='ltr'><strong><em>προβαλοῦ</em></strong></span> <span class='ocrx_word' id='word_1_48' title='bbox 794 1595 853 1659; x_wconf 78' lang='grc' dir='ltr'><strong><em>κατ’</em></strong></span> <span class='ocrx_word' id='word_1_49' title='bbox 880 1597 962 1677; x_wconf 78' lang='grc' dir='ltr'><strong><em>ὄμμα</em></strong></span> <span class='ocrx_word' id='word_1_50' title='bbox 984 1597 1094 1660; x_wconf 80' lang='grc' dir='ltr'><strong><em>πίλταν</em></strong></span> 
     </span>
    </p>

    <p class='ocr_par' dir='ltr' id='par_1_5' title="bbox 499 1711 812 1790">
     <span class='ocr_line' id='line_1_9' title="bbox 499 1711 812 1790; baseline 0.003 -19"><span class='ocrx_word' id='word_1_51' title='bbox 499 1712 626 1790; x_wconf 79' lang='grc' dir='ltr'><strong><em>δοχμίαν</em></strong></span> <span class='ocrx_word' id='word_1_52' title='bbox 650 1711 812 1790; x_wconf 78' lang='grc' dir='ltr'><strong><em>πεδαίρων,</em></strong></span> 
     </span>
    </p>

    <p class='ocr_par' dir='ltr' id='par_1_6' title="bbox 185 1827 1439 2925">
     <span class='ocr_line' id='line_1_10' title="bbox 186 1827 1413 1904; baseline 0.004 -21"><span class='ocrx_word' id='word_1_53' title='bbox 186 1837 250 1896; x_wconf 89' lang='lat' dir='ltr'>quo</span> <span class='ocrx_word' id='word_1_54' title='bbox 288 1828 483 1887; x_wconf 90' lang='lat' dir='ltr'>ornamento</span> <span class='ocrx_word' id='word_1_55' title='bbox 513 1827 649 1888; x_wconf 79' lang='lat' dir='ltr'>Periclis</span> <span class='ocrx_word' id='word_1_56' title='bbox 673 1830 782 1889; x_wconf 88' lang='lat' dir='ltr'>aetate</span> <span class='ocrx_word' id='word_1_57' title='bbox 806 1845 826 1889; x_wconf 92' lang='lat' dir='ltr'>a</span> <span class='ocrx_word' id='word_1_58' title='bbox 848 1829 984 1890; x_wconf 80' lang='lat' dir='ltr'>Graecis</span> <span class='ocrx_word' id='word_1_59' title='bbox 1007 1829 1114 1890; x_wconf 90' lang='lat' dir='ltr'>alieno</span> <span class='ocrx_word' id='word_1_60' title='bbox 1138 1828 1263 1904; x_wconf 86' lang='lat' dir='ltr'>optime</span> <span class='ocrx_word' id='word_1_61' title='bbox 1286 1827 1413 1903; x_wconf 83' lang='lat' dir='ltr'>clipeus</span> 
     </span>
     <span class='ocr_line' id='line_1_11' title="bbox 188 1936 1413 2018; baseline 0.003 -23"><span class='ocrx_word' id='word_1_62' title='bbox 188 1936 345 1998; x_wconf 91' lang='lat' dir='ltr'>barbarus</span> <span class='ocrx_word' id='word_1_63' title='bbox 376 1939 515 2000; x_wconf 88' lang='lat' dir='ltr'>indicari</span> <span class='ocrx_word' id='word_1_64' title='bbox 545 1943 686 2016; x_wconf 87' lang='lat' dir='ltr'>poterat.</span> <span class='ocrx_word' id='word_1_65' title='bbox 711 1942 815 2018; x_wconf 80' lang='lat' dir='ltr'>Quam</span> <span class='ocrx_word' id='word_1_66' title='bbox 840 1943 879 2004; x_wconf 94' lang='lat' dir='ltr'>ob</span> <span class='ocrx_word' id='word_1_67' title='bbox 904 1959 975 2004; x_wconf 86' lang='lat' dir='ltr'>rem</span> <span class='ocrx_word' id='word_1_68' title='bbox 1000 1944 1086 2003; x_wconf 91' lang='lat' dir='ltr'>inter</span> <span class='ocrx_word' id='word_1_69' title='bbox 1110 1944 1287 2002; x_wconf 87' lang='lat' dir='ltr'>venatores</span> <span class='ocrx_word' id='word_1_70' title='bbox 1310 1941 1413 2000; x_wconf 87' lang='lat' dir='ltr'>diver·</span> 
     </span>
     <span class='ocr_line' id='line_1_12' title="bbox 187 2050 1414 2130; baseline 0.001 -19"><span class='ocrx_word' id='word_1_71' title='bbox 187 2050 322 2112; x_wconf 89' lang='lat' dir='ltr'>sissimo</span> <span class='ocrx_word' id='word_1_72' title='bbox 338 2053 454 2113; x_wconf 92' lang='lat' dir='ltr'>habitu</span> <span class='ocrx_word' id='word_1_73' title='bbox 467 2055 508 2114; x_wconf 90' lang='lat' dir='ltr'>ad</span> <span class='ocrx_word' id='word_1_74' title='bbox 521 2069 636 2129; x_wconf 92' lang='lat' dir='ltr'>aprum</span> <span class='ocrx_word' id='word_1_75' title='bbox 651 2055 846 2130; x_wconf 89' lang='lat' dir='ltr'>capiendum</span> <span class='ocrx_word' id='word_1_76' title='bbox 860 2057 1095 2117; x_wconf 88' lang='lat' dir='ltr'>convenientes</span> <span class='ocrx_word' id='word_1_77' title='bbox 1107 2056 1184 2126; x_wconf 86' lang='lat' dir='ltr'>(vid.</span> <span class='ocrx_word' id='word_1_78' title='bbox 1197 2055 1273 2118; x_wconf 80' lang='lat' dir='ltr'>Eur.</span> <span class='ocrx_word' id='word_1_79' title='bbox 1284 2053 1323 2114; x_wconf 89' lang='lat' dir='ltr'>fr.</span> <span class='ocrx_word' id='word_1_80' title='bbox 1337 2055 1414 2123; x_wconf 75' lang='lat'>534)</span> 
     </span>
     <span class='ocr_line' id='line_1_13' title="bbox 187 2163 1414 2243; baseline 0.003 -21"><span class='ocrx_word' id='word_1_81' title='bbox 187 2163 323 2226; x_wconf 75' lang='lat' dir='ltr'>Telamo</span> <span class='ocrx_word' id='word_1_82' title='bbox 365 2166 496 2227; x_wconf 88' lang='lat' dir='ltr'>iuvenis</span> <span class='ocrx_word' id='word_1_83' title='bbox 542 2183 561 2227; x_wconf 90' lang='lat' dir='ltr'>a</span> <span class='ocrx_word' id='word_1_84' title='bbox 602 2170 700 2243; x_wconf 91' lang='lat' dir='ltr'>poeta</span> <span class='ocrx_word' id='word_1_85' title='bbox 728 2173 891 2229; x_wconf 84' lang='lat' dir='ltr'>armatur</span> <span class='ocrx_word' id='word_1_86' title='bbox 928 2171 1019 2230; x_wconf 89' lang='lat' dir='ltr'>cetra</span> <span class='ocrx_word' id='word_1_87' title='bbox 1051 2169 1181 2230; x_wconf 91' lang='lat' dir='ltr'>thracia</span> <span class='ocrx_word' id='word_1_88' title='bbox 1215 2167 1414 2229; x_wconf 85' lang='lat' dir='ltr'>emblemate</span> 
     </span>
     <span class='ocr_line' id='line_1_14' title="bbox 186 2281 1412 2360; baseline 0.001 -20"><span class='ocrx_word' id='word_1_89' title='bbox 186 2295 285 2340; x_wconf 88' lang='lat' dir='ltr'>aureo</span> <span class='ocrx_word' id='word_1_90' title='bbox 314 2281 524 2355; x_wconf 85' lang='lat' dir='ltr'>diffulgente:</span> <span class='ocrx_word' id='word_1_91' title='bbox 547 2283 654 2344; x_wconf 83' lang='lat' dir='ltr'>voluit</span> <span class='ocrx_word' id='word_1_92' title='bbox 671 2283 830 2343; x_wconf 91' lang='lat' dir='ltr'>nimirum</span> <span class='ocrx_word' id='word_1_93' title='bbox 850 2286 961 2360; x_wconf 90' lang='lat' dir='ltr'>poeta,</span> <span class='ocrx_word' id='word_1_94' title='bbox 982 2285 1021 2343; x_wconf 86' lang='lat' dir='ltr'>ut</span> <span class='ocrx_word' id='word_1_95' title='bbox 1039 2286 1245 2359; x_wconf 86' lang='lat' dir='ltr'>spectatores</span> <span class='ocrx_word' id='word_1_96' title='bbox 1263 2281 1412 2341; x_wconf 74' lang='lat' dir='ltr'>Telamo-</span> 
     </span>
     <span class='ocr_line' id='line_1_15' title="bbox 187 2386 1416 2473; baseline 0.002 -20"><span class='ocrx_word' id='word_1_97' title='bbox 187 2407 263 2454; x_wconf 93' lang='lat' dir='ltr'>nem</span> <span class='ocrx_word' id='word_1_98' title='bbox 295 2393 391 2454; x_wconf 86' lang='lat' dir='ltr'>iuxta</span> <span class='ocrx_word' id='word_1_99' title='bbox 421 2394 548 2456; x_wconf 74' lang='lat' dir='ltr'>Thestii</span> <span class='ocrx_word' id='word_1_100' title='bbox 577 2393 664 2456; x_wconf 88' lang='lat' dir='ltr'>filios</span> <span class='ocrx_word' id='word_1_101' title='bbox 687 2396 826 2458; x_wconf 89' lang='lat' dir='ltr'>aetolico</span> <span class='ocrx_word' id='word_1_102' title='bbox 850 2412 943 2458; x_wconf 91' lang='lat' dir='ltr'>mors</span> <span class='ocrx_word' id='word_1_103' title='bbox 967 2397 1133 2458; x_wconf 88' lang='lat' dir='ltr'>calceatos</span> <span class='ocrx_word' id='word_1_104' title='bbox 1157 2394 1200 2466; x_wconf 75' lang='grc' dir='ltr'>(τὸ</span> <span class='ocrx_word' id='word_1_105' title='bbox 1223 2393 1310 2456; x_wconf 77' lang='grc' dir='ltr'><strong><em>λαιὸν</em></strong></span> <span class='ocrx_word' id='word_1_106' title='bbox 1334 2386 1416 2473; x_wconf 73' lang='grc' dir='ltr'><strong><em>ἴχνος</em></strong></span> 
     </span>
     <span class='ocr_line' id='line_1_16' title="bbox 185 2505 1411 2589; baseline 0.002 -23"><span class='ocrx_word' id='word_1_107' title='bbox 185 2505 352 2586; x_wconf 81' lang='grc' dir='ltr'><strong><em>ἇνοίρβολοι</em></strong></span> <span class='ocrx_word' id='word_1_108' title='bbox 375 2507 494 2586; x_wconf 86' lang='grc' dir='ltr'><strong><em>ποδός),</em></strong></span> <span class='ocrx_word' id='word_1_109' title='bbox 517 2510 612 2570; x_wconf 76' lang='lat' dir='ltr'>iuxta</span> <span class='ocrx_word' id='word_1_110' title='bbox 634 2511 820 2588; x_wconf 82' lang='lat' dir='ltr'>Ancaeum,</span> <span class='ocrx_word' id='word_1_111' title='bbox 840 2513 896 2584; x_wconf 90' lang='lat' dir='ltr'>qui</span> <span class='ocrx_word' id='word_1_112' title='bbox 915 2509 1059 2582; x_wconf 75' lang='grc' dir='ltr'><strong><em>πελέκεως</em></strong></span> <span class='ocrx_word' id='word_1_113' title='bbox 1079 2507 1112 2571; x_wconf 79' lang='lat' dir='ltr'>dl</span> <span class='ocrx_word' id='word_1_114' title='bbox 1131 2510 1273 2587; x_wconf 78' lang='grc' dir='ltr'><strong><em>δίστομον</em></strong></span> <span class='ocrx_word' id='word_1_115' title='bbox 1295 2507 1300 2586; x_wconf 95' lang='grc' dir='ltr'>Ι</span> <span class='ocrx_word' id='word_1_116' title='bbox 1319 2506 1411 2589; x_wconf 79' lang='grc' dir='ltr'><strong><em>μένον</em></strong></span> 
     </span>
     <span class='ocr_line' id='line_1_17' title="bbox 186 2618 1439 2702; baseline 0.003 -22"><span class='ocrx_word' id='word_1_117' title='bbox 186 2619 307 2700; x_wconf 77' lang='grc' dir='ltr'><strong><em>ἔπαλλε,</em></strong></span> <span class='ocrx_word' id='word_1_118' title='bbox 341 2624 437 2685; x_wconf 87' lang='lat' dir='ltr'>iuxta</span> <span class='ocrx_word' id='word_1_119' title='bbox 469 2623 650 2684; x_wconf 84' lang='lat' dir='ltr'>Atalanten</span> <span class='ocrx_word' id='word_1_120' title='bbox 680 2618 737 2696; x_wconf 78' lang='grc' dir='ltr'><strong>τόξ’</strong></span> <span class='ocrx_word' id='word_1_121' title='bbox 772 2621 912 2702; x_wconf 79' lang='grc' dir='ltr'><strong><em>ἔχουσαν,</em></strong></span> <span class='ocrx_word' id='word_1_122' title='bbox 941 2625 1119 2686; x_wconf 84' lang='lat' dir='ltr'>barborum</span> <span class='ocrx_word' id='word_1_123' title='bbox 1149 2624 1211 2684; x_wconf 92' lang='lat' dir='ltr'>sibi</span> <span class='ocrx_word' id='word_1_124' title='bbox 1240 2623 1439 2698; x_wconf 78' lang='lat' dir='ltr'>fingerent·</span> 
     </span>
     <span class='ocr_line' id='line_1_18' title="bbox 186 2737 1413 2814; baseline 0 -18"><span class='ocrx_word' id='word_1_125' title='bbox 186 2737 424 2798; x_wconf 85' lang='lat' dir='ltr'>Animadverte</span> <span class='ocrx_word' id='word_1_126' title='bbox 447 2737 662 2798; x_wconf 73' lang='lat' dir='ltr'>Telamonem</span> <span class='ocrx_word' id='word_1_127' title='bbox 687 2752 857 2812; x_wconf 87' lang='lat' dir='ltr'>nunquam</span> <span class='ocrx_word' id='word_1_128' title='bbox 879 2738 1021 2799; x_wconf 88' lang='lat' dir='ltr'>Athenis</span> <span class='ocrx_word' id='word_1_129' title='bbox 1044 2738 1169 2799; x_wconf 92' lang='lat' dir='ltr'>cultum</span> <span class='ocrx_word' id='word_1_130' title='bbox 1194 2737 1310 2814; x_wconf 76' lang='lat' dir='ltr'>luisse,</span> <span class='ocrx_word' id='word_1_131' title='bbox 1334 2737 1413 2797; x_wconf 88' lang='lat' dir='ltr'>licet</span> 
     </span>
     <span class='ocr_line' id='line_1_19' title="bbox 187 2851 1105 2925; baseline 0.003 -15"><span class='ocrx_word' id='word_1_132' title='bbox 187 2851 272 2910; x_wconf 83' lang='lat' dir='ltr'>Aiax</span> <span class='ocrx_word' id='word_1_133' title='bbox 295 2852 329 2910; x_wconf 87' lang='lat' dir='ltr'>et</span> <span class='ocrx_word' id='word_1_134' title='bbox 351 2851 535 2925; x_wconf 84' lang='lat' dir='ltr'>Eurysaces</span> <span class='ocrx_word' id='word_1_135' title='bbox 557 2852 698 2912; x_wconf 91' lang='lat' dir='ltr'>heroum</span> <span class='ocrx_word' id='word_1_136' title='bbox 723 2853 814 2913; x_wconf 91' lang='lat' dir='ltr'>cultu</span> <span class='ocrx_word' id='word_1_137' title='bbox 837 2852 883 2912; x_wconf 89' lang='lat' dir='ltr'>ibi</span> <span class='ocrx_word' id='word_1_138' title='bbox 906 2852 1105 2914; x_wconf 85' lang='lat' dir='ltr'>fruerentur.</span> 
     </span>
    </p>
   </div>
   <div class='ocr_carea' id='block_1_3' title="bbox 346 3396 1229 3500">
    <p class='ocr_par' dir='ltr' id='par_1_7' title="bbox 346 3396 1229 3500">
     <span class='ocr_line' id='line_1_20' title="bbox 346 3396 1229 3500; baseline 0.002 -29"><span class='ocrx_word' id='word_1_139' title='bbox 346 3405 413 3500; x_wconf 93' lang='grc' dir='ltr'>ΙΠ.</span> <span class='ocrx_word' id='word_1_140' title='bbox 437 3406 489 3472; x_wconf 78' lang='lat' dir='ltr'>lle</span> <span class='ocrx_word' id='word_1_141' title='bbox 512 3405 632 3474; x_wconf 88' lang='lat' dir='ltr'>Aiacis</span> <span class='ocrx_word' id='word_1_142' title='bbox 655 3396 815 3496; x_wconf 78' lang='grc' dir='ltr'><strong><em>ἇτρωσίᾳ</em></strong></span> <span class='ocrx_word' id='word_1_143' title='bbox 840 3404 932 3490; x_wconf 88' lang='lat' dir='ltr'>apud</span> <span class='ocrx_word' id='word_1_144' title='bbox 954 3406 1229 3473; x_wconf 88' lang='lat' dir='ltr'>Philostratnrn.</span> 
     </span>
    </p>
   </div>
   <div class='ocr_carea' id='block_1_4' title="bbox 179 3641 1409 4880">
    <p class='ocr_par' dir='ltr' id='par_1_8' title="bbox 184 3641 1409 3969">
     <span class='ocr_line' id='line_1_21' title="bbox 229 3641 1409 3736; baseline 0.001 -17"><span class='ocrx_word' id='word_1_145' title='bbox 229 3660 323 3735; x_wconf 86' lang='lat' dir='ltr'>Apud</span> <span class='ocrx_word' id='word_1_146' title='bbox 344 3660 559 3722; x_wconf 88' lang='lat' dir='ltr'>scholiastam</span> <span class='ocrx_word' id='word_1_147' title='bbox 580 3661 620 3721; x_wconf 92' lang='lat' dir='ltr'>ad</span> <span class='ocrx_word' id='word_1_148' title='bbox 639 3659 865 3736; x_wconf 88' lang='lat' dir='ltr'>Lycophronis</span> <span class='ocrx_word' id='word_1_149' title='bbox 884 3659 1093 3720; x_wconf 86' lang='lat' dir='ltr'>Alexandrae</span> <span class='ocrx_word' id='word_1_150' title='bbox 1112 3673 1162 3719; x_wconf 89' lang='lat' dir='ltr'>vs.</span> <span class='ocrx_word' id='word_1_151' title='bbox 1175 3661 1240 3720; x_wconf 80' lang='lat'>455</span> <span class='ocrx_word' id='word_1_152' title='bbox 1253 3641 1409 3734; x_wconf 87' lang='lat' dir='ltr'>leguntur</span> 
     </span>
     <span class='ocr_line' id='line_1_22' title="bbox 184 3768 1408 3858; baseline 0.003 -27"><span class='ocrx_word' id='word_1_153' title='bbox 184 3773 279 3835; x_wconf 80' lang='lat' dir='ltr'>haec:</span> <span class='ocrx_word' id='word_1_154' title='bbox 314 3768 483 3853; x_wconf 77' lang='grc' dir='ltr'><strong><em>,,Ἡραπλῆς</em></strong></span> <span class='ocrx_word' id='word_1_155' title='bbox 516 3784 556 3858; x_wconf 76' lang='grc' dir='ltr'>τῷ</span> <span class='ocrx_word' id='word_1_156' title='bbox 590 3783 644 3834; x_wconf 84' lang='grc' dir='ltr'>τοῦ</span> <span class='ocrx_word' id='word_1_157' title='bbox 674 3772 794 3846; x_wconf 74' lang='grc' dir='ltr'><strong><em>λέοντος</em></strong></span> <span class='ocrx_word' id='word_1_158' title='bbox 825 3771 949 3854; x_wconf 79' lang='grc' dir='ltr'><strong><em>δέρματι</em></strong></span> <span class='ocrx_word' id='word_1_159' title='bbox 971 3772 1025 3833; x_wconf 85' lang='grc' dir='ltr'>τὸν</span> <span class='ocrx_word' id='word_1_160' title='bbox 1047 3773 1165 3832; x_wconf 83' lang='grc' dir='ltr'><strong><em>Αἴαντα</em></strong></span> <span class='ocrx_word' id='word_1_161' title='bbox 1188 3773 1408 3852; x_wconf 79' lang='grc' dir='ltr'><strong><em>περιεκάλυψεν</em></strong></span> 
     </span>
     <span class='ocr_line' id='line_1_23' title="bbox 186 3883 1120 3969; baseline 0.001 -24"><span class='ocrx_word' id='word_1_162' title='bbox 186 3885 266 3958; x_wconf 84' lang='grc' dir='ltr'><strong><em>ὅπως</em></strong></span> <span class='ocrx_word' id='word_1_163' title='bbox 290 3883 420 3966; x_wconf 69' lang='grc' dir='ltr'><strong><em>ἄτρωτος</em></strong></span> <span class='ocrx_word' id='word_1_164' title='bbox 444 3887 499 3966; x_wconf 85' lang='grc' dir='ltr'><em>εἴη·</em></span> <span class='ocrx_word' id='word_1_165' title='bbox 523 3893 671 3969; x_wconf 79' lang='grc' dir='ltr'><strong><em>μαρτυρεῖ</em></strong></span> <span class='ocrx_word' id='word_1_166' title='bbox 690 3885 723 3949; x_wconf 76' lang='grc' dir='ltr'>δὲ</span> <span class='ocrx_word' id='word_1_167' title='bbox 746 3897 834 3948; x_wconf 81' lang='grc' dir='ltr'><strong><em>τοῦτο</em></strong></span> <span class='ocrx_word' id='word_1_168' title='bbox 858 3885 910 3948; x_wconf 77' lang='grc' dir='ltr'>καί</span> <span class='ocrx_word' id='word_1_169' title='bbox 932 3886 1120 3966; x_wconf 84' lang='grc' dir='ltr'><strong><em>Πίνδαρος”.</em></strong></span> 
     </span>
    </p>

    <p class='ocr_par' dir='ltr' id='par_1_9' title="bbox 184 4001 1408 4309">
     <span class='ocr_line' id='line_1_24' title="bbox 229 4001 1407 4078; baseline 0.002 -16"><span class='ocrx_word' id='word_1_170' title='bbox 229 4002 357 4062; x_wconf 81' lang='lat' dir='ltr'>Similia</span> <span class='ocrx_word' id='word_1_171' title='bbox 386 4004 600 4065; x_wconf 86' lang='lat' dir='ltr'>inveniuntur</span> <span class='ocrx_word' id='word_1_172' title='bbox 627 4005 660 4064; x_wconf 90' lang='lat' dir='ltr'>in</span> <span class='ocrx_word' id='word_1_173' title='bbox 684 4004 785 4064; x_wconf 90' lang='lat' dir='ltr'>schol.</span> <span class='ocrx_word' id='word_1_174' title='bbox 808 4005 840 4063; x_wconf 91' lang='grc' dir='ltr'>ΙΙ</span> <span class='ocrx_word' id='word_1_175' title='bbox 863 4005 1063 4078; x_wconf 87' lang='lat' dir='ltr'>Argumenti</span> <span class='ocrx_word' id='word_1_176' title='bbox 1085 4004 1196 4064; x_wconf 87' lang='lat' dir='ltr'>Aiacis</span> <span class='ocrx_word' id='word_1_177' title='bbox 1220 4001 1407 4077; x_wconf 85' lang='lat' dir='ltr'>Sophoclis:</span> 
     </span>
     <span class='ocr_line' id='line_1_25' title="bbox 186 4095 1408 4197; baseline -0.002 -21"><span class='ocrx_word' id='word_1_178' title='bbox 186 4114 256 4194; x_wconf 74' lang='lat' dir='ltr'>,uoti</span> <span class='ocrx_word' id='word_1_179' title='bbox 281 4117 450 4196; x_wconf 84' lang='grc' dir='ltr'><strong><em>Πίνδαρος,</em></strong></span> <span class='ocrx_word' id='word_1_180' title='bbox 473 4116 518 4176; x_wconf 79' lang='grc' dir='ltr'>ὅτι</span> <span class='ocrx_word' id='word_1_181' title='bbox 541 4115 573 4177; x_wconf 82' lang='grc' dir='ltr'>τὸ</span> <span class='ocrx_word' id='word_1_182' title='bbox 597 4113 652 4195; x_wconf 75' lang='grc' dir='ltr'>μὲν</span> <span class='ocrx_word' id='word_1_183' title='bbox 674 4126 774 4195; x_wconf 83' lang='grc' dir='ltr'><strong><em>σῶμα,</em></strong></span> <span class='ocrx_word' id='word_1_184' title='bbox 798 4116 870 4197; x_wconf 79' lang='grc' dir='ltr'><strong><em>ὅπερ</em></strong></span> <span class='ocrx_word' id='word_1_185' title='bbox 891 4115 1023 4194; x_wconf 78' lang='grc' dir='ltr'><strong><em>ἕκαίλνψε</em></strong></span> <span class='ocrx_word' id='word_1_186' title='bbox 1042 4113 1062 4194; x_wconf 80' lang='grc' dir='ltr'><em>ἡ</em></span> <span class='ocrx_word' id='word_1_187' title='bbox 1082 4121 1200 4195; x_wconf 79' lang='grc' dir='ltr'><strong><em>λεοντῆ,</em></strong></span> <span class='ocrx_word' id='word_1_188' title='bbox 1218 4095 1349 4197; x_wconf 69' lang='grc' dir='ltr'><strong><em>ἄτρωτος</em></strong></span> <span class='ocrx_word' id='word_1_189' title='bbox 1368 4107 1408 4193; x_wconf 76' lang='grc' dir='ltr'>ἦν</span> 
     </span>
     <span class='ocr_line' id='line_1_26' title="bbox 184 4226 945 4309; baseline -0.001 -20"><span class='ocrx_word' id='word_1_190' title='bbox 184 4230 276 4307; x_wconf 81' lang='grc' dir='ltr'><strong><em>Αἴας,</em></strong></span> <span class='ocrx_word' id='word_1_191' title='bbox 298 4229 331 4290; x_wconf 85' lang='grc' dir='ltr'>τὸ</span> <span class='ocrx_word' id='word_1_192' title='bbox 356 4227 388 4290; x_wconf 80' lang='grc' dir='ltr'>δὲ</span> <span class='ocrx_word' id='word_1_193' title='bbox 412 4229 452 4307; x_wconf 71' lang='grc' dir='ltr'>μὴ</span> <span class='ocrx_word' id='word_1_194' title='bbox 477 4226 637 4306; x_wconf 77' lang='grc' dir='ltr'><strong><em>παλοφθὲν</em></strong></span> <span class='ocrx_word' id='word_1_195' title='bbox 660 4229 772 4309; x_wconf 80' lang='grc' dir='ltr'><strong><em>τρωτὸν</em></strong></span> <span class='ocrx_word' id='word_1_196' title='bbox 795 4229 945 4308; x_wconf 75' lang='grc' dir='ltr'><strong><em>ἐ’μεινεν”.</em></strong></span> 
     </span>
    </p>

    <p class='ocr_par' dir='ltr' id='par_1_10' title="bbox 179 4345 1409 4880">
     <span class='ocr_line' id='line_1_27' title="bbox 226 4345 1407 4420; baseline 0.003 -16"><span class='ocrx_word' id='word_1_197' title='bbox 226 4345 351 4406; x_wconf 89' lang='lat' dir='ltr'>Iterum</span> <span class='ocrx_word' id='word_1_198' title='bbox 388 4361 408 4405; x_wconf 91' lang='lat' dir='ltr'>a</span> <span class='ocrx_word' id='word_1_199' title='bbox 446 4346 597 4407; x_wconf 88' lang='lat' dir='ltr'>versibus</span> <span class='ocrx_word' id='word_1_200' title='bbox 631 4345 813 4405; x_wconf 86' lang='lat' dir='ltr'>Pindaricis</span> <span class='ocrx_word' id='word_1_201' title='bbox 847 4346 1013 4420; x_wconf 86' lang='lat' dir='ltr'>discrepat</span> <span class='ocrx_word' id='word_1_202' title='bbox 1034 4345 1183 4420; x_wconf 72' lang='lat' dir='ltr'>&#39;uterque</span> <span class='ocrx_word' id='word_1_203' title='bbox 1217 4347 1407 4408; x_wconf 89' lang='lat' dir='ltr'>scholiasta·</span> 
     </span>
     <span class='ocr_line' id='line_1_28' title="bbox 182 4459 1408 4538; baseline 0.003 -19"><span class='ocrx_word' id='word_1_204' title='bbox 182 4460 302 4520; x_wconf 85' lang='lat' dir='ltr'>Narrat</span> <span class='ocrx_word' id='word_1_205' title='bbox 320 4460 410 4520; x_wconf 90' lang='lat' dir='ltr'>enim</span> <span class='ocrx_word' id='word_1_206' title='bbox 429 4459 590 4521; x_wconf 87' lang='lat' dir='ltr'>Pindarus</span> <span class='ocrx_word' id='word_1_207' title='bbox 611 4461 817 4536; x_wconf 88' lang='lat' dir='ltr'>supplicasse</span> <span class='ocrx_word' id='word_1_208' title='bbox 835 4460 1028 4538; x_wconf 89' lang='lat' dir='ltr'>Herculem,</span> <span class='ocrx_word' id='word_1_209' title='bbox 1049 4464 1087 4522; x_wconf 89' lang='lat' dir='ltr'>ut</span> <span class='ocrx_word' id='word_1_210' title='bbox 1102 4464 1172 4523; x_wconf 87' lang='lat' dir='ltr'>tam</span> <span class='ocrx_word' id='word_1_211' title='bbox 1185 4478 1205 4523; x_wconf 91' lang='lat' dir='ltr'>a</span> <span class='ocrx_word' id='word_1_212' title='bbox 1216 4460 1408 4524; x_wconf 87' lang='lat' dir='ltr'>vulneribus</span> 
     </span>
     <span class='ocr_line' id='line_1_29' title="bbox 181 4571 1408 4651; baseline 0.005 -19"><span class='ocrx_word' id='word_1_213' title='bbox 181 4573 275 4632; x_wconf 87' lang='lat' dir='ltr'>tutus</span> <span class='ocrx_word' id='word_1_214' title='bbox 309 4571 404 4636; x_wconf 84' lang='lat' dir='ltr'>fieret</span> <span class='ocrx_word' id='word_1_215' title='bbox 439 4574 538 4651; x_wconf 85' lang='lat' dir='ltr'>Aiax,</span> <span class='ocrx_word' id='word_1_216' title='bbox 571 4589 669 4647; x_wconf 90' lang='lat' dir='ltr'>quam</span> <span class='ocrx_word' id='word_1_217' title='bbox 701 4589 721 4634; x_wconf 90' lang='lat' dir='ltr'>a</span> <span class='ocrx_word' id='word_1_218' title='bbox 748 4574 826 4635; x_wconf 90' lang='lat' dir='ltr'>telis</span> <span class='ocrx_word' id='word_1_219' title='bbox 856 4576 931 4634; x_wconf 86' lang='lat' dir='ltr'>tuta</span> <span class='ocrx_word' id='word_1_220' title='bbox 953 4577 1044 4634; x_wconf 86' lang='lat' dir='ltr'>esset</span> <span class='ocrx_word' id='word_1_221' title='bbox 1065 4576 1161 4650; x_wconf 90' lang='lat' dir='ltr'>pellis</span> <span class='ocrx_word' id='word_1_222' title='bbox 1184 4593 1245 4637; x_wconf 90' lang='lat' dir='ltr'>sua</span> <span class='ocrx_word' id='word_1_223' title='bbox 1266 4578 1408 4640; x_wconf 89' lang='lat' dir='ltr'>leonina.</span> 
     </span>
     <span class='ocr_line' id='line_1_30' title="bbox 181 4686 1407 4767; baseline 0.007 -22"><span class='ocrx_word' id='word_1_224' title='bbox 181 4686 296 4747; x_wconf 85' lang='lat' dir='ltr'>Infans</span> <span class='ocrx_word' id='word_1_225' title='bbox 331 4690 445 4749; x_wconf 88' lang='lat' dir='ltr'>autem</span> <span class='ocrx_word' id='word_1_226' title='bbox 479 4689 626 4748; x_wconf 90' lang='lat' dir='ltr'>nondum</span> <span class='ocrx_word' id='word_1_227' title='bbox 661 4690 761 4748; x_wconf 87' lang='lat' dir='ltr'>natus</span> <span class='ocrx_word' id='word_1_228' title='bbox 795 4703 861 4748; x_wconf 92' lang='lat' dir='ltr'>non</span> <span class='ocrx_word' id='word_1_229' title='bbox 893 4689 989 4750; x_wconf 84' lang='lat' dir='ltr'>facile</span> <span class='ocrx_word' id='word_1_230' title='bbox 1019 4689 1105 4765; x_wconf 91' lang='lat' dir='ltr'>pelle</span> <span class='ocrx_word' id='word_1_231' title='bbox 1132 4692 1260 4751; x_wconf 89' lang='lat' dir='ltr'>amiciri</span> <span class='ocrx_word' id='word_1_232' title='bbox 1289 4693 1407 4767; x_wconf 88' lang='lat' dir='ltr'>potuit.</span> 
     </span>
     <span class='ocr_line' id='line_1_31' title="bbox 179 4799 1409 4880; baseline 0.008 -21"><span class='ocrx_word' id='word_1_233' title='bbox 179 4799 260 4880; x_wconf 76' lang='lat' dir='ltr'>Quid</span> <span class='ocrx_word' id='word_1_234' title='bbox 283 4801 410 4879; x_wconf 83' lang='lat' dir='ltr'>igitur?</span> <span class='ocrx_word' id='word_1_235' title='bbox 433 4802 507 4863; x_wconf 88' lang='lat' dir='ltr'>Alio</span> <span class='ocrx_word' id='word_1_236' title='bbox 527 4800 599 4862; x_wconf 94' lang='lat' dir='ltr'>loco</span> <span class='ocrx_word' id='word_1_237' title='bbox 624 4802 765 4863; x_wconf 88' lang='lat' dir='ltr'>eundem</span> <span class='ocrx_word' id='word_1_238' title='bbox 789 4802 944 4877; x_wconf 86' lang='lat' dir='ltr'>mythum</span> <span class='ocrx_word' id='word_1_239' title='bbox 970 4804 1027 4864; x_wconf 89' lang='lat' dir='ltr'>sed</span> <span class='ocrx_word' id='word_1_240' title='bbox 1051 4804 1115 4866; x_wconf 87' lang='lat' dir='ltr'>alio</span> <span class='ocrx_word' id='word_1_241' title='bbox 1134 4806 1232 4866; x_wconf 92' lang='lat' dir='ltr'>modo</span> <span class='ocrx_word' id='word_1_242' title='bbox 1250 4808 1409 4869; x_wconf 88' lang='lat' dir='ltr'>tractavit</span> 
     </span>
    </p>
   </div>
   <div class='ocr_carea' id='block_1_5' title="bbox 0 0 1768 5692">
    <p class='ocr_par' dir='ltr' id='par_1_11' title="bbox 0 0 1768 5692">
     <span class='ocr_line' id='line_1_32' title="bbox 0 0 1768 5692; baseline 0 2"><span class='ocrx_word' id='word_1_243' title='bbox 0 0 1768 5692; x_wconf 95' lang='lat' dir='ltr'> </span> 
     </span>
    </p>
   </div>
  </div>
 </body>
</html>
