3525 5692
361 707 382 767 4
884 712 926 760 on
947 709 1059 761 Areon.

360 897 394 955 in
429 893 560 954 Pindari
592 891 700 952 verbis
730 888 949 965 explicandis,
983 888 1108 963 auctor,
1139 885 1192 948 cul
1214 884 1314 946 iidem
1338 884 1522 948 habeamus
1543 885 1584 947 de

359 1007 556 1083 fragmentis
587 1005 780 1081 deperditis,
812 1003 899 1063 haud
931 1017 1005 1062 esse
1034 1003 1154 1076 potest.
1185 1000 1283 1077 Tum,
1317 1001 1394 1074 quid
1424 1000 1488 1061 sibi
1511 999 1583 1060 vult

360 1116 455 1197 pellis
485 1120 542 1181 illa
571 1119 665 1179 humi
687 1120 807 1193 strata,
833 1116 909 1190 quid
934 1116 1032 1176 heros
1054 1113 1191 1191 pedibus
1216 1113 1380 1188 tegumini
1401 1114 1583 1184 insistens?

356 1228 410 1293 Ἐν
434 1230 507 1304 Διὸς
530 1231 629 1317 κρδίρ
649 1232 730 1307 pede
750 1231 887 1291 sinistro
906 1229 1106 1304 consistunt,
1128 1229 1184 1302 qui
1203 1228 1343 1304 piaculis
1355 1228 1440 1290 solvi
1453 1229 1581 1303 volunt;

360 1349 422 1409 hoc
455 1349 567 1408 autem
602 1345 679 1406 hinc
712 1359 812 1418 quam
848 1343 997 1403 maxime
1030 1342 1176 1403 alienum
1207 1357 1281 1403 esse
1313 1356 1378 1402 non
1414 1344 1466 1403 est
1497 1344 1582 1417 quod

360 1474 566 1534 moneamus.
596 1457 745 1534 Accedit,
776 1457 861 1531 quod
891 1455 948 1517 alii
971 1471 1100 1529 quoquo
1122 1458 1288 1532 auctores,
1313 1456 1369 1530 qui
1392 1457 1477 1534 hanc
1499 1460 1582 1519 trac·

356 1576 469 1635 tarunt
498 1573 659 1648 fabulam,
692 1571 739 1632 nil
767 1572 958 1647 servarunt,
983 1586 1047 1644 quo
1070 1570 1271 1630 scholiastae
1294 1571 1404 1646 opinio
1428 1570 1584 1632 affirmari

356 1688 471 1764 possit.
492 1688 614 1763 Immo,
635 1686 676 1746 ad
695 1700 799 1745 unum
820 1698 937 1745 omnes
955 1684 1073 1745 docent
1093 1683 1269 1744 Herculem
1289 1687 1479 1759 precantem
1498 1686 1583 1762 pelle

356 1803 488 1864 leonina
518 1802 622 1862 fuisse
651 1803 790 1861 tectum.
823 1798 913 1860 Licet
940 1799 973 1858 in
997 1796 1109 1858 fabula
1131 1798 1296 1858 narranda
1318 1799 1371 1859 hic
1394 1800 1493 1873 atque
1516 1799 1584 1860 illic

357 1917 468 1978 varias
487 1917 600 1976 ineant
620 1915 705 1990 vias,
726 1914 788 1974 hac
807 1913 927 1974 saltem
947 1913 982 1972 in
1001 1928 1037 1973 re
1056 1927 1188 1987 sempor
1200 1915 1234 1973 et
1244 1912 1364 1987 ubique
1381 1914 1582 1989 conspirant.

374 2031 498 2091 ‚Iuvat
531 2044 645 2091 eorum
680 2028 816 2102 mythos
850 2027 984 2102 propius
1018 2027 1203 2103 adspicere3
1239 2027 1297 2087 sed
1331 2030 1508 2102 antequam
1543 2043 1581 2089 eo

354 2145 538 2206 transimus
569 2142 771 2203 monendum
798 2142 850 2202 est
872 2141 958 2217 apud
981 2140 1169 2216 Euripidem
1193 2139 1227 2201 in
1250 2140 1321 2201 loco
1346 2141 1455 2202 abdito
1478 2142 1584 2204 latero

355 2257 636 2332 observationem,
678 2269 763 2329 quae
803 2254 915 2316 Aiacis
956 2253 1102 2328 aquilam
1136 2256 1272 2315 revocat
1304 2255 1338 2315 in
1373 2256 1582 2318 memoriam.

355 2372 512 2463 Legimus
541 2371 631 2431 enim
660 2369 778 2442 fragm.
811 2369 876 2428 534
908 2372 937 2438 (e
968 2368 1132 2442 Meleagro
1163 2368 1291 2444 petito),
1325 2369 1444 2442 quibus
1471 2370 1582 2432 verbis

355 2485 492 2546 nuntius
526 2483 750 2559 descripserit,
785 2497 848 2556 quo
878 2482 1017 2556 quisque
1048 2481 1162 2542 habitu
1193 2484 1297 2558 esset,
1322 2483 1379 2555 qui
1401 2483 1443 2543 ad
1465 2496 1580 2560 aprum

355 2599 552 2675 capiendum
575 2597 820 2658 convenissent.
845 2596 966 2672 Incipit
988 2595 1232 2671 fragmentum:

604 2706 748 2786 Τελαμὼν
771 2704 804 2768 δὲ
827 2715 961 2787 χρυσοῦν
984 2706 1084 2768 αἰετόν
1107 2705 1214 2787 πέλτης
1239 2706 1289 2768 ἔπι

600 2822 761 2903 πρόβλημα
785 2822 900 2904 θηρὸς,
921 2822 1047 2903 βότρυσι
1070 2817 1099 2884 d'
1114 2822 1237 2901 ἔστεψεν
1260 2823 1337 2903 κάρα

601 2940 762 3014 Σαλαμῖνα
786 2945 908 3012 κοσμῶν
931 2936 1061 3016 πατρίδα
1084 2935 1139 3014 τὴν
1162 2935 1341 3015 εόάμπελον.

400 3051 536 3113 Telamo
569 3049 670 3126 igitur
703 3052 736 3110 in
771 3053 867 3111 Scuto
902 3049 1041 3112 Thracio
1072 3050 1125 3122 (df.
1160 3051 1246 3110 σάκει
1275 3055 1415 3134 κυκλωτῷ
1447 3052 1583 3130 σώματος

355 3163 543 3244 προβλήματι
566 3164 685 3225 Aesch.
711 3163 799 3239 Sept.
824 3165 901 3234 522)
925 3165 1055 3238 aquilae
1078 3180 1213 3226 auream
1233 3166 1413 3241 imaginem
1433 3168 1581 3244 gerebat,

355 3279 442 3340 haud
476 3278 572 3339 dubie
606 3278 716 3339 Aiacis
750 3278 914 3356 σύμβολον.
948 3279 1056 3340 Locus
1090 3280 1205 3339 autem
1241 3279 1343 3340 aliam
1378 3295 1505 3355 quoque
1539 3281 1581 3342 ob

354 3408 490 3454 causam
514 3392 742 3453 memorabilis
765 3394 826 3453 eet.
852 3392 931 3466 Quis
955 3393 1044 3452 enim
1065 3408 1129 3453 uon
1151 3394 1275 3468 cogitat
1293 3394 1332 3455 de
1351 3394 1581 3471 Xenophontis

357 3507 465 3567 verbis
496 3505 600 3567 Anab.
632 3506 661 3582 I,
697 3507 747 3583 10,
783 3508 841 3566 12:
877 3503 947 3581 ,nai
978 3505 1011 3566 τὸ
1042 3507 1194 3585 βασίλειον
1217 3513 1343 3585 σημεῖον
1366 3504 1440 3587 όρᾶν
1463 3506 1581 3584 ἔφασαν

356 3619 454 3679 αἰετόν
485 3641 551 3678 τινα
574 3627 707 3698 χρυσοῦν
731 3616 778 3678 ἐπὶ
803 3616 893 3702 πέλτῃ
919 3617 1172 3697 ἀνατεταμένον”,
1198 3622 1253 3681 ubi
1272 3624 1359 3682 teste
1379 3621 1582 3698 dyropaedia

355 3733 442 3810 (VII,
470 3737 498 3810 l,
524 3736 573 3804 4):
601 3724 659 3809 ,ἦν
683 3729 716 3793 δὲ
740 3743 779 3815 τῷ
805 3733 896 3818 Κύρῳ
919 3732 952 3793 τὸ
975 3738 1101 3811 σημεῖον
1123 3732 1219 3805 αἰετὸς
1235 3744 1367 3812 χρυσοῦς
1387 3733 1435 3794 od
1455 3734 1581 3815 δόρατος

354 3855 472 3924 μακροῦ
492 3843 733 3924 ἀνατεταμένος”
753 3862 863 3908 sermo
884 3852 936 3909 est
955 3849 996 3909 de
1015 3849 1113 3909 hasta
1130 3863 1195 3910 non
1214 3850 1254 3911 de
1273 3853 1374 3912 cetra.
1394 3851 1456 3911 Sed
1475 3866 1581 3925 neque

354 3963 426 4024 loco
449 3963 623 4039 Euripideo
645 3977 750 4036 neque
774 3961 875 4023 Arist.
901 3962 977 4038 Lys.
1002 3965 1084 4024 563:
1382 3964 1386 3968 ’

599 4074 697 4155 ἕτερος
721 4071 748 4136 δ’
764 4068 803 4136 αὖ
831 4077 911 4160 Θρᾷξ
935 4075 1046 4156 πέλτην
1069 4077 1159 4138 σείων
1181 4075 1231 4137 καλ
1255 4076 1395 4138 ἀκόντιον

352 4192 489 4252 dubium
521 4207 594 4253 esse
625 4194 751 4268 potest,
775 4193 852 4265 quid
883 4192 999 4255 Graeci
1024 4209 1102 4254 voce
1125 4191 1215 4276 πέλτῃ
1237 4194 1432 4255 indicarent.
1455 4189 1591 4256 Unicus

351 4305 444 4366 locus
460 4307 515 4367 ubi
531 4322 633 4368 sensu
650 4308 766 4368 hastae
782 4308 956 4368 adhibetur
972 4308 1231 4384 Xenophonteus
1246 4308 1302 4368 ille
1314 4321 1416 4384 supra
1427 4309 1581 4370 laudatus

352 4423 414 4481 est.
435 4421 497 4482 Sed
517 4422 683 4484 undenam
701 4422 893 4483 Anabaseos
910 4425 1026 4484 auctor
1043 4422 1128 4483 hanc
1144 4421 1423 4497 significationem
1439 4423 1582 4498 petivit?

352 4533 468 4595 Nonne
493 4534 667 4597 verebatur
691 4549 732 4596 ne
757 4535 974 4596 electoribus
993 4536 1081 4596 male
1102 4550 1169 4596 vox
1187 4537 1461 4612 intellegeretur?
1480 4537 1580 4598 Voca-

299 4633 301 4640 ’
351 4649 467 4711 bulum
491 4647 582 4729 πέλτη
605 4666 706 4712 sensu
732 4653 841 4712 cetrae
864 4651 1010 4727 primum
1035 4653 1120 4726 apud
1144 4652 1333 4729 Euripidem
1354 4652 1528 4714 offenditur
1548 4652 1581 4712 in

351 4763 519 4827 Alcestide
555 4765 678 4838 (fabula
713 4765 793 4826 anni
828 4765 923 4840 438);
955 4765 1043 4826 Mars
1073 4765 1118 4826 ibi
1149 4768 1244 4828 audit
1274 4767 1424 4846 ζαχρύσου
1450 4767 1583 4851 tippulae
