3525 5692
391 660 455 719 110
912 671 954 715 11
976 671 1087 716 arnon.

432 845 589 907 solebant
608 845 789 906 Locrenses
807 843 909 904 simul
924 858 1000 903 cum
1013 841 1197 916 virginibus
1208 841 1363 903 emittere
1374 843 1465 902 viros
1480 842 1613 919 aliquot,

387 961 443 1035 qui
482 959 602 1021 ducum
644 955 753 1018 oiiicio
793 958 1022 1030 iungerentur.
1066 954 1251 1018 Confirmat
1289 955 1421 1016 Aeneas
1463 955 1611 1016 Tacticus

388 1074 529 1150 scriptor
551 1071 676 1132 saeculi
697 1070 808 1143 quarti
830 1085 860 1130 a.
890 1068 923 1130 Ο.
949 1084 981 1128 1.
1005 1069 1097 1128 bisce
1120 1067 1229 1128 verbis
1252 1068 1437 1138 (Poliorcet.
1463 1070 1518 1144 31,
1543 1069 1611 1137 241:

392 1201 546 1263 ,prorsus
578 1183 735 1261 impediri
767 1183 881 1258 nequit
915 1198 957 1242 ne
987 1183 1020 1241 in
1051 1180 1168 1241 urbem
1199 1183 1426 1256 oppugnatam
1457 1181 1531 1242 dolo
1561 1183 1613 1242 ali·

388 1302 467 1377 quid
506 1299 745 1361 introducatur.
783 1297 867 1357 Nam
903 1297 982 1357 licet
1017 1295 1195 1370 vigilanter
1229 1297 1371 1356 caveant
1401 1294 1542 1356 ilienses
1573 1310 1614 1356 ne

390 1414 542 1476 Locrides
571 1411 728 1487 oppidum
761 1411 848 1470 clam
878 1410 1061 1484 introeant,
1091 1424 1226 1484 operam
1255 1409 1406 1484 perdunt.
1437 1408 1613 1469 Locrenses

391 1528 480 1590 enim
510 1527 558 1588 ita
587 1524 679 1585 vafre
707 1523 951 1599 prudenterque
974 1536 1046 1583 rem
1069 1521 1134 1581 sibi
1156 1522 1350 1583 mandatam
1374 1520 1558 1597 perficiunt,
1579 1525 1616 1582 ut

389 1642 459 1702 iam
481 1638 688 1715 permultos
710 1651 816 1697 annos
844 1649 959 1696 eorum
990 1649 1089 1710 opera
1118 1634 1263 1709 virgines
1291 1634 1424 1694 'i'roiam
1453 1634 1615 1695 introduci

391 1752 593 1828 potuerint.''

434 1867 507 1926 Non
529 1864 692 1925 miramur
715 1862 897 1922 Locrenses
919 1859 1006 1922 filias
1029 1875 1108 1921 suas
1127 1861 1302 1936 sagacibus
1321 1861 1503 1936 peritisque
1521 1863 1614 1924 comi·

389 1979 480 2039 tibus
510 1975 782 2060 commendasse;
812 1989 867 2035 res
898 1975 988 2035 enim
1018 1976 1090 2035 erat
1118 1974 1209 2035 aleae
1239 1974 1346 2049 plena.
1378 1973 1485 2048 Magis
1507 1977 1615 2036 autem

390 2092 579 2152 mirandum
613 2104 652 2149 ac
685 2088 753 2149 iere
788 2087 966 2149 ridiculum
996 2087 1137 2163 videtur,
1167 2087 1271 2148 iuisse
1294 2089 1439 2165 tempus,
1462 2103 1527 2164 quo
1553 2105 1615 2150 non

390 2205 534 2281 amplius
556 2204 703 2278 virgines
719 2176 865 2262 ¹adultas
887 2201 945 2262 sed
968 2202 1114 2263 infantes
1136 2218 1213 2287 cum
1232 2201 1418 2262 nutricibus
1437 2203 1617 2265 mitterent.

393 2320 473 2397 Quis
503 2334 569 2380 non
599 2317 732 2378 aliunde
762 2330 892 2392 quoque
915 2331 986 2377 rem
1010 2332 1110 2391 quam
1134 2317 1283 2378 maxime
1307 2316 1505 2378 dubitationi
1527 2318 1617 2379 obno·

390 2434 482 2495 xiam
502 2431 691 2493 confirmari
709 2430 815 2491 velit?
834 2429 964 2490 Fierine
976 2431 1094 2506 potest,
1106 2432 1145 2490 ut
1157 2430 1276 2504 aliquis
1288 2428 1389 2490 verba
1400 2428 1619 2491 Callimachea

391 2542 579 2624 (παρθένους
610 2541 798 2614 ἐνιαυσιαίοις
828 2542 931 2604 schol.
962 2543 1039 2618 Lyc.
1071 2543 1167 2604 Alex.
1199 2560 1249 2604 vs.
1284 2543 1380 2612 1141)
1410 2544 1501 2606 male
1524 2545 1615 2604 inter-

392 2662 553 2737 pretatus,
573 2659 668 2733 quasi
687 2657 837 2719 valerent
857 2657 1024 2733 ,virgines
1044 2673 1147 2718 unum
1161 2673 1285 2719 annum
1298 2659 1428 2734 natas'’,
1441 2659 1618 2733 epitomem

392 2774 605 2850 praepostere
633 2771 811 2848 supplerit,
835 2770 956 2831 additis
979 2770 1175 2848 nutricibus,
1201 2773 1279 2844 quia
1301 2772 1374 2832 sola
1395 2769 1431 2831 cd
1453 2767 1553 2850 βρέφη
1574 2771 1618 2830 ire

393 2902 460 2948 non
483 2887 645 2962 possent?

439 3000 501 3060 Sed
524 3002 737 3059 transeamus
760 2998 801 3057 ad
825 2997 979 3058 Servium
1003 2997 1090 3072 apud
1112 3013 1212 3072 quem
1236 2997 1379 3073 legimus
1403 2999 1618 3069 (Aen.141):

396 3112 536 3190 ,dicitur
567 3112 714 3172 Minerva
744 3110 785 3171 ob
807 3111 962 3171 vitiatam
987 3109 1209 3172 Cassandram
1233 3111 1267 3174 in
1290 3111 1414 3187 templo
1437 3127 1498 3173 suo
1520 3113 1619 3173 solius

393 3228 506 3288 Aiacis
536 3241 643 3300 poena
672 3239 739 3284 non
768 3223 874 3285 fuisse
906 3226 1075 3301 contenta,
1107 3227 1144 3285 ut
1170 3228 1287 3300 postea
1309 3241 1367 3301 per
1390 3227 1564 3288 oraculum
1584 3225 1620 3285 de

393 3340 466 3402 eius
495 3354 597 3414 regno
629 3339 807 3412 quotannis
829 3353 932 3399 unam
956 3337 1102 3398 nobilem
1120 3339 1265 3414 puellam
1285 3340 1422 3400 iusserit
1444 3340 1543 3400 Ilium
1562 3339 1621 3400 sibi

392 3453 433 3514 ad
464 3451 665 3513 sacrificium
696 3453 788 3512 mitti
819 3455 853 3512 et
884 3453 969 3526 quod
1000 3456 1052 3513 est
1075 3453 1220 3528 amplius
1243 3454 1282 3514 de
1306 3469 1345 3514 ea
1367 3454 1471 3530 tribu,
1498 3454 1537 3514 de
1561 3467 1620 3528 qua

393 3567 478 3626 Aiax
502 3566 623 3641 iuerat,
649 3566 739 3625 sicut
761 3566 920 3627 Annaeus
944 3566 1098 3627 Placidus
1121 3567 1257 3627 referi.’'

440 3680 591 3756 „Unam”
616 3679 698 3739 illud
722 3679 878 3739 convenit
902 3695 978 3740 cum
1003 3680 1114 3740 verbis
1138 3681 1256 3740 scholii
1280 3682 1321 3740 ad
1345 3680 1504 3756 Lycophr.
1529 3680 1619 3741 Alex.

393 3808 442 3854 vs.
458 3795 543 3880 Ι1159
559 3791 691 3870 ,αὐτοὺς
702 3791 794 3852 πάλιν
807 3789 936 3869 πέμπειν
949 3790 1049 3853 οὐκέτι
1062 3792 1118 3853 δύο
1131 3791 1204 3852 ἀλλὰ
1217 3795 1320 3870 μίαν.”
1335 3794 1426 3870 Quod
1438 3794 1541 3868 igitur
1551 3793 1621 3868 post

392 3906 517 3967 bellurn
540 3906 739 3967 Phocaicum
763 3905 834 3966 fleri
857 3905 1000 3983 solebat,
1020 3908 1059 3966 ut
1078 3922 1144 3966 una
1162 3908 1260 3967 modo
1274 3907 1412 3967 victima
1423 3907 1620 3980 mitteretur,

394 4021 425 4080 id
450 4020 535 4094 apud
556 4019 708 4080 Servium
729 4021 825 4093 quasi
844 4021 916 4095 ipso
936 4020 1068 4081 oraculo
1087 4021 1330 4095 praescriptum
1342 4020 1447 4081 fuisse
1459 4022 1620 4081 narratur.

394 4133 545 4193 Adicitur
562 4133 695 4206 quidem
718 4133 939 4208 „quotannis”
960 4134 995 4193 at
1007 4135 1082 4208 post
1095 4133 1208 4192 omnia
1220 4132 1288 4208 illa,
1303 4147 1385 4206 quae
1398 4147 1498 4207 supra
1509 4133 1571 4192 hac
1584 4131 1620 4191 de

394 4262 429 4307 re
452 4246 721 4321 observavimus,
746 4261 787 4305 ne
815 4245 970 4306 Placidus
994 4246 1127 4318 quidem
1152 4262 1227 4306 cum
1252 4246 1365 4306 Servio
1388 4244 1543 4305 inducere
1566 4259 1622 4304 nos

389 4361 533 4433 possunt
557 4361 594 4419 ut
613 4358 802 4433 credamus,
825 4359 993 4432 virginum
1014 4374 1191 4418 numerum
1211 4360 1246 4417 11
1266 4359 1347 4418 aede
1360 4357 1622 4418 servilimunere

393 4470 618 4546 iungentium,
653 4471 681 4529 si
713 4470 893 4544 quotannis
925 4486 990 4531 uua
1022 4472 1204 4547 accederet,
1230 4472 1344 4530 tamen
1380 4471 1461 4531 daos
1494 4484 1622 4545 semper

394 4585 570 4645 mansisse.
602 4584 742 4644 Omnem
773 4586 859 4644 enim
894 4585 1134 4645 dubitationem
1166 4586 1286 4646 eximit
1316 4585 1473 4646 Timaeus
1497 4585 1621 4646 verbis:

398 4694 452 4771 ,oi
468 4693 620 4773 παρθένοι
639 4693 802 4756 ἐδούλευον
826 4696 883 4755 δύο
908 4687 1029 4756 oddae&
1052 4697 1243 4758 Revertitur
1263 4700 1377 4759 autem
1397 4696 1430 4758 τὸ
1449 4697 1621 4773 quotannis
1728 4715 1729 4738 1
