3525 5692
647 733 689 776 01
712 732 862 778 01111110.
1302 724 1361 782 ldi

134 917 251 977 pugna
284 903 416 977 egisse?
449 904 558 964 Immo
588 907 727 965 certum.
757 905 841 965 Nam
872 909 948 979 post
977 921 1124 982 pugnam
1148 911 1363 971 commissam

134 1017 286 1090 primum
317 1033 493 1092 quemque,
524 1019 579 1092 qui
610 1018 734 1079 Dianae
763 1035 856 1080 sacer
888 1019 1064 1081 haberetur
1089 1022 1172 1098 dies,
1197 1029 1367 1099 exspecta·

135 1133 234 1207 runt,
257 1146 321 1204 quo
344 1134 459 1192 votum
482 1133 512 1192 si
534 1148 600 1192 non
622 1147 722 1193 omne
744 1136 780 1193 at
801 1148 860 1208 pro
882 1137 975 1208 parte
998 1135 1180 1196 constituta
1201 1138 1281 1200 deae
1304 1141 1363 1200 sol-

136 1248 270 1318 verent,
290 1245 418 1319 fuitque
436 1246 491 1306 hic
500 1246 572 1306 dies
583 1246 614 1310 d.
623 1249 740 1308 sextus
752 1247 878 1307 mensis
889 1247 1095 1321 insequentis
1106 1249 1366 1317 Boedromionis.
1433 1284 1436 1290 ,

137 1358 264 1418 Mansit
287 1360 366 1419 haec
390 1360 614 1434 consuetudo;
638 1374 700 1421 nec
721 1364 935 1436 praepostere
958 1359 993 1420 τὰ
1015 1359 1154 1439 seviore,
1176 1364 1229 1425 die
1252 1367 1366 1437 quinto

136 1475 350 1533 mortuorum
392 1475 426 1532 in
461 1472 620 1534 honorem
654 1473 834 1549 celebrata,
869 1489 945 1534 cum
989 1474 1150 1537 sacrificio
1184 1478 1236 1539 die
1269 1483 1366 1543 sexto

136 1586 180 1645 ob
214 1587 388 1648 victoriam
418 1591 620 1662 reportatam
633 1617 640 1622 ·
653 1585 797 1665 Ἀρτέμιδι
826 1596 863 1671 τῇ
894 1589 1016 1671 Χθονίᾳ
1047 1590 1158 1653 oblato
1192 1595 1366 1657 coniuncta

137 1698 349 1761 videbantur.

183 1813 339 1874 Alterum
370 1830 498 1888 quoque
527 1815 696 1876 Plutarchi
726 1819 977 1892 argumentum,
1009 1817 1037 1876 si
1064 1819 1199 1892 propius
1222 1823 1366 1884 conside·

127 1909 245 2003 ratur,
276 1923 407 1990 fumum
439 1945 514 1990 esse
543 1928 721 2006 apparebit.
746 1928 1006 2006 commiserunt,
1032 1931 1151 2008 inquit,
1175 1933 1367 1997 innumeras

137 2058 274 2116 pugnas
306 2052 360 2102 τοῦ
391 2044 487 2121 μηνὸς
522 2041 698 2118 100ομ110011
732 2042 814 2118 Quid
845 2043 895 2103 nil
928 2042 1000 2105 Hac
1026 2045 1115 2105 enim
1145 2046 1185 2108 de
1220 2063 1256 2109 10
1290 2064 1366 2110 cum

137 2155 311 2217 Herodoto
351 2159 518 2219 consentit
551 2154 568 2217 1
603 2157 797 2236 Χαιρωνεύς,
833 2159 910 2232 post
945 2156 1162 2232 plenilunium
1198 2161 1368 2237 Spartanis

137 2270 281 2332 educere
301 2273 484 2333 exercitum
504 2273 653 2348 licuisse,
674 2272 764 2334 diem
783 2272 885 2347 igitur
898 2273 1024 2333 mensis
1036 2273 1189 2345 quintum
1202 2275 1367 2338 decimum

141 2385 302 2445 ultimum
332 2387 435 2447 luisse
464 2385 676 2447 Oarneorum.
708 2385 792 2448 (tum
823 2401 903 2446 vero
932 2401 989 2460 per
1018 2386 1118 2446 terias
1140 2391 1368 2451 novemdiales

139 2500 224 2560 deus
248 2500 420 2576 coleretur,
445 2504 583 2577 apparet
601 2516 662 2562 sex
680 2500 797 2576 primis
815 2500 932 2561 diebus
951 2500 1078 2561 mensis
1096 2515 1155 2575 per
1176 2501 1367 2577 religionem

139 2613 226 2673 nihil
249 2614 420 2676 obstitisse
442 2616 620 2688 quominus
642 2614 893 2682 Lacedaemonii
916 2616 1087 2674 sumerent
1109 2629 1213 2676 arma.

187 2729 254 2803 ,At
291 2728 425 2789 obstant
462 2729 565 2789 etiam
600 2729 684 2789 alter
714 2727 873 2788 Herodoti
902 2728 1008 2804 locus,
1042 2727 1142 2788 verba
1172 2730 1368 2807 Pausaniae,

140 2841 344 2902 scholiastae
373 2843 594 2904 observatio.”
623 2843 696 2903 Non
728 2843 841 2915 cred0;
872 2842 999 2902 nudum
1032 2842 1121 2902 enim
1156 2844 1371 2904 nominarunt

143 2970 307 3016 mensem.
332 2954 392 3030 Qui
411 2957 440 3016 si
459 2957 731 3016 Boedromionem
754 2955 942 3031 voluerunt,
964 2958 1000 3015 ut
1019 2954 1231 3031 Plutarchus,
1251 2958 1368 3031 parum

142 3071 241 3131 caute
271 3074 309 3131 ut
338 3069 395 3130 ille
417 3071 592 3130 historiam
615 3070 871 3143 conturbarunt;
896 3070 947 3131 sin
974 3070 1014 3129 de
1036 3084 1231 3142 unoquoque
1254 3084 1370 3130 mense

143 3183 291 3244 valuisse
321 3185 557 3260 perhibuerunt
586 3185 692 3260 legem
723 3199 788 3258 qua
822 3183 1040 3259 plenilunium
1070 3183 1245 3244 observare
1274 3185 1369 3247 Lace·

141 3298 312 3358 daemonii
332 3299 534 3374 iuberentur,
560 3333 600 3344 -
625 3300 712 3373 quod
734 3299 805 3359 veri
829 3299 912 3359 duco
934 3299 1110 3375 dissimile,
1138 3329 1176 3340 -
1202 3298 1307 3359 valuit
1330 3300 1370 3359 de

144 3409 272 3472 (iarneo
294 3428 422 3487 quoque
446 3428 571 3474 mense.

188 3525 305 3598 Itaque
321 3528 394 3587 tute
411 3528 612 3587 constituere
631 3540 810 3601 possumus
828 3525 1107 3585 Lacedaemonios
1126 3523 1252 3585 Oarnsa
1263 3526 1371 3598 egisse

144 3657 203 3716 per
240 3641 398 3716 temporis
428 3642 574 3716 spatium
606 3641 815 3706 novemdiale
849 3640 935 3712 quod
967 3639 1211 3714 Metagitnionis
1245 3641 1372 3699 mensis

144 3753 364 3829 plenilunium
384 3755 613 3831 antecedebat,
633 3754 655 3814 i.
668 3770 696 3814 e.
717 3755 769 3813 die
788 3754 933 3829 septimo
952 3768 1054 3826 usque
1075 3754 1115 3813 ad
1136 3753 1223 3812 diem
1236 3755 1370 3813 sextum
1459 3765 1464 3772 ·

146 3868 324 3928 decimum.

190 4097 238 4158 De
271 4101 406 4172 tempore
435 4098 610 4170 postquam
642 4096 723 4156 certi
753 4109 872 4155 sumus
902 4094 997 4169 iacti,
1034 4093 1222 4169 fragmenta
1256 4094 1374 4168 quibus

147 4212 258 4287 agitur
291 4211 331 4271 de
365 4211 485 4271 ratione
526 4225 591 4284 qna
619 4207 747 4271 Garnea
781 4208 1043 4283 celebrabantur,
1079 4222 1097 4268 e
1131 4207 1374 4282 lexicographis

147 4324 344 4400 praesertim
375 4325 527 4397 collecta,
559 4337 768 4397 enumerare,
799 4321 829 4381 si
859 4336 943 4396 opus
970 4321 1016 4380 sit
1046 4335 1104 4395 pro
1134 4320 1260 4380 viribus
1290 4322 1374 4381 meis

148 4439 328 4515 explicare,
357 4438 429 4500 loca
458 4439 514 4498 ubi
544 4438 625 4498 deus
646 4435 815 4497 colebatur
844 4435 1012 4495 succincte
1036 4446 1204 4494 recensere
1224 4449 1372 4510 pergam,

145 4555 222 4615 dein
252 4554 292 4614 de
322 4551 524 4614 carneorum
557 4551 697 4626 origine,
722 4549 843 4625 patria,
869 4548 1021 4622 historia,
1048 4549 1212 4621 quatenus
1235 4549 1375 4609 materia

146 4683 185 4729 ac
217 4667 306 4727 vires
336 4666 460 4741 sinent,
493 4664 679 4740 disputabo.
706 4663 922 4737 Fragmenta,
947 4676 1030 4735 quae
1054 4660 1281 4736 praemittam,
1307 4662 1372 4721 iarn

145 4784 221 4844 ante
244 4780 425 4856 collegerat
448 4779 479 4841 S.
505 4779 600 4839 Wide
622 4779 657 4838 in
680 4777 763 4838 libro
788 4776 968 4836 utilissimo
989 4774 1215 4850 ,Lakonische
1234 4775 1374 4849 Kulte'’;

203 4887 349 4931 vultam.
1267 4881 1291 4924 Π
