3525 5692
906 732 948 776 Da
970 733 1071 777 Aison

579 1060 676 1128 XVI.
701 1059 929 1148 quaestiones
952 1059 1122 1141 quaedam
1145 1063 1402 1144 genealogicae.

423 1253 565 1314 Pindaro
599 1255 733 1313 auctore
767 1253 801 1313 in
832 1253 895 1315 oda
926 1251 1120 1327 Olympiaca
1149 1266 1237 1313 nona
1267 1253 1354 1313 inter
1378 1250 1548 1312 Locridem
1569 1250 1598 1308 et
1723 1263 1724 1286 ³

379 1367 506 1429 Elidem
541 1366 743 1428 exstiterunt
774 1367 933 1443 rationes,
966 1380 1049 1440 quas
1079 1367 1265 1440 quicunque
1287 1367 1329 1427 de
1351 1366 1441 1427 cultu
1465 1363 1599 1439 quodam

379 1484 413 1543 in
443 1483 578 1544 Locride
609 1483 785 1544 observato
809 1481 881 1542 vult
905 1497 1002 1556 agere
1024 1482 1160 1557 impune
1183 1481 1316 1542 silentio
1339 1480 1518 1556 praeterire
1540 1493 1599 1538 non

380 1599 500 1671 potest.
520 1597 606 1656 Nam
625 1596 659 1656 in
679 1595 870 1657 huiusmodi
889 1594 1206 1670 investigationibus
1224 1594 1278 1656 vel
1294 1594 1469 1655 levissima
1487 1593 1600 1654 indicia

380 1712 460 1771 sunt
482 1710 664 1786 sequenda,
686 1709 764 1770 iicet
785 1725 922 1786 prorsus
945 1710 1109 1771 incertum
1133 1710 1178 1770 sit
1202 1723 1313 1769 annon
1335 1708 1511 1782 quiequam
1530 1708 1600 1768 inde

380 1823 564 1900 proveniat.

424 1938 502 1998 Erat
532 1938 567 1998 in
596 1937 744 2013 Locride,
769 1939 806 1997 ut
827 1938 929 1999 refert
954 1938 1142 2014 Stephanus
1164 1939 1346 2009 Byzantius
1369 1953 1399 2014 p.
1424 1940 1503 2016 476,
1526 1939 1600 2001 urbs

380 2052 542 2127 quaedam
575 2051 711 2129 Φόσκος,
741 2048 801 2111 ἀπό
834 2052 960 2113 Φύσκον
992 2060 1045 2112 τοῦ
1075 2051 1212 2114 Αίτόίου
1235 2061 1288 2113 τοῦ
1313 2052 1529 2131 Ἀμφικτύονος
1550 2061 1600 2114 τοῦ

380 2164 600 2237 Δευκαλίωνος.
627 2164 748 2238 Φόσκος
772 2161 805 2225 δὲ
827 2160 879 2243 ἀφ’
906 2158 942 2228 ού
967 2166 999 2227 ol
1017 2162 1145 2247 Λέλεγες
1169 2166 1201 2227 οἱ
1217 2174 1275 2227 νῦν
1294 2160 1553 2246 Λοκροί.Ῥιανὸς
1572 2161 1601 2226 dl

383 2276 522 2351 Φυσκίας
553 2278 665 2351 αὐτοὺς
695 2283 794 2358 καλεῖ,
823 2277 938 2360 λέγεται
964 2276 1016 2339 καί
1041 2280 1188 2352 Φυσκεός.
1211 2278 1269 2350 (Oi.
1297 2278 1439 2340 Φυσκίοον
1463 2296 1505 2341 ex
1528 2279 1599 2340 Am·

379 2395 495 2471 phissa
536 2392 653 2455 Ocilitz
688 2387 804 2470 2005',
853 2392 985 2470 Φύσκος,
1040 2392 1183 2453 Φυσκίου
1203 2395 1412 2456 sacerdotes
1457 2393 1600 2455 Aetoliae

382 2503 498 2586 25092,
531 2502 657 2579 25212).

426 2622 547 2694 Φύσκος
570 2623 622 2683 vei
649 2621 768 2681 Φυσκία
791 2622 911 2695 Lyciae
935 2635 1062 2695 quoque
1086 2625 1138 2682 ast
1161 2623 1240 2683 urbs
1262 2622 1386 2698 (steph.
1411 2622 1519 2698 Bya.);
1540 2637 1600 2683 me·

380 2740 489 2798 morat
519 2735 612 2796 Diod.
644 2735 697 2796 Sic
722 2737 774 2812 14,
799 2736 841 2796 83
872 2735 988 2795 urbem
1018 2735 1187 2809 Physcum
1211 2734 1327 2796 Cariae
1349 2736 1382 2795 in
1408 2751 1483 2810 ora;
1508 2736 1601 2796 Theo·

380 2851 483 2911 critus
506 2851 618 2911 autem
643 2848 698 2925 IV,
724 2849 765 2910 28
796 2850 947 2910 montem
971 2847 1138 2922 Physcum
1163 2849 1197 2908 in
1221 2849 1338 2924 Magne
1361 2848 1499 2910 Graecia
1521 2849 1601 2924 apud

305 2980 310 2989 ·
380 2962 574 3036 Crotonem
599 2962 701 3024 Tlruc.
725 2963 767 3038 11,
793 2963 835 3023 99
860 2962 977 3023 urbem
1004 2964 1130 3022 Φύσκον
1148 2963 1183 3023 in
1202 2963 1400 3024 Macedonia.
1418 2963 1600 3024 Admodum

379 3076 553 3152 vulgatum
595 3076 698 3138 luisse
736 3091 858 3138 nomen
894 3077 1033 3152 videtur,
1066 3076 1164 3151 quod,
1196 3079 1233 3137 ut
1272 3077 1367 3137 docet
1401 3077 1599 3153 Stephanus,

379 3190 536 3265 Lelegum
563 3191 597 3250 in
621 3190 811 3265 regionibus
833 3190 971 3251 solitum
995 3204 1014 3249 a
1037 3191 1147 3252 radiae
1170 3213 1214 3266 φο
1237 3192 1289 3251 est
1311 3191 1539 3252 derivandum.

421 3303 540 3365 Narrat
559 3308 674 3366 autem
693 3305 876 3366 Pausanias
895 3305 945 3382 (V,
964 3307 1014 3380 iu,
1029 3305 1048 3364 3
1061 3310 1144 3379 sqq.)
1164 3306 1309 3366 sedecim
1321 3304 1480 3366 mulieres
1492 3305 1600 3392 quinto

377 3432 505 3491 quoque
528 3432 614 3479 anno
638 3419 671 3479 in
695 3418 785 3479 Elide
808 3419 941 3495 peplum
965 3417 1125 3480 obtulisse
1149 3418 1280 3495 Iunoni,
1302 3418 1418 3479 deinde
1437 3421 1599 3479 certamen

376 3547 434 3592 aas
457 3531 572 3593 iniisse
594 3532 628 3593 in
652 3548 716 3606 quo
746 3532 869 3593 καθεῑτό
895 3549 999 3609 σφισιν
1023 3527 1042 3609 ἡ
1066 3531 1159 3611 κόμη,
1180 3530 1269 3611 χιτὼν
1293 3528 1394 3612 ὀλίγον
1417 3527 1492 3610 culp
1516 3530 1599 3611 γόνα·

376 3666 426 3716 τος
450 3648 582 3722 καθῆκε,
604 3643 657 3705 τόν
680 3641 713 3706 δὲ
737 3637 822 3722 όομον
845 3642 912 3724 ἄχρι
935 3653 989 3706 τοῦ
1013 3645 1149 3722 στήθους
1173 3643 1303 3722 ἔφαινον
1326 3644 1377 3706 τόν
1401 3644 1509 3717 δεξιόν.

343 3753 347 3762 “
422 3758 535 3835 Quivis
558 3760 709 3834 agnoscit
732 3761 942 3821 Amazonum
966 3759 1138 3820 vestitum.
1162 3758 1252 3820 Duos
1276 3760 1339 3820 hae
1362 3757 1520 3819 mulieres
1543 3758 1600 3818 for·
1729 3777 1730 3812 r

377 3873 517 3933 mebant
549 3872 671 3950 χορούς,
704 3872 845 3932 alterum
873 3870 925 3932 τὸν
959 3870 1100 3944 Φυσκόας
1130 3872 1273 3934 alterum
1304 3870 1355 3932 τὸν
1380 3867 1603 3950 Ἱπποδαμείας,

378 3985 546 4059 sequitur:

425 4097 499 4176 ,τὴν
525 4098 670 4160 Φυσκόαν
695 4095 727 4159 δὲ
750 4092 828 4158 εἶναι
851 4099 965 4177 ταύτην
985 4098 1079 4176 φασίν
1099 4098 1131 4160 ἐκ
1150 4109 1202 4178 τῆς
1215 4097 1338 4172 Ἤλιδος
1357 4107 1409 4178 τῆς
1428 4099 1544 4177 κοίλης,
1562 4107 1598 4180 τῷ

378 4212 463 4298 δήμῳ
488 4208 521 4272 δὲ
544 4210 622 4272 ἔνθα
646 4212 762 4296 ᾤκησεν
785 4210 881 4291 ὄνομα
901 4208 1030 4294 Ὀρθίαν
1053 4207 1164 4274 εἶναι”.

421 4327 539 4387 Fuitne
562 4327 663 4401 igitur
687 4327 838 4402 Physcoa
860 4327 971 4389 Eliaca
995 4329 1156 4401 quaedam
1181 4328 1298 4390 Orthia
1320 4327 1373 4388 vel
1393 4321 1569 4404 ’Opooclei

421 4441 555 4516 Dicunt,
580 4441 628 4502 iba
646 4443 752 4516 pergit
769 4443 966 4519 Pausaniae,
990 4443 1103 4522 „scorp
1123 4451 1158 4526 τῇ
1180 4440 1304 4525 Φυσκόᾳ
1324 4438 1480 4501 Διόνυσον
1499 4456 1599 4520 συγγε-

376 4551 500 4631 νέσθαι,
536 4553 682 4615 Φυσκόαν
717 4551 750 4615 δὲ
784 4553 816 4615 ἐκ
850 4556 1005 4617 Διονύσου
1039 4560 1134 4616 τεκεῖν
1165 4555 1261 4615 παῖδα
1295 4556 1464 4635 Ναρκαῖον·
1494 4562 1598 4614 τοῦτον

376 4672 507 4745 Ἀθηνᾶς
537 4666 618 4746 ἱερὸν
652 4665 806 4748 ἐπίκλησιν
841 4669 1001 4750 Ναρκαίας
1035 4669 1231 4748 ἱδρύσασθαι.
1270 4669 1412 4754 Διονύσῳ
1454 4689 1483 4728 τε
1517 4665 1599 4745 τιμὰς

375 4779 515 4861 λέγουσιν
537 4779 599 4841 ύιτό
622 4782 782 4860 Ναρκαίου
806 4781 854 4842 καί
883 4783 1023 4855 Φυσκόας
1047 4784 1182 4861 δοθῆναι
1204 4783 1364 4864 πρώταν”.
