3525 5692
624 701 665 745 ua
688 700 911 746 mazouraus.
1316 682 1378 740 143

95 898 101 906 ·
198 871 244 930 At
263 871 416 932 habuerit
434 874 513 933 ante
531 872 643 934 oculos
661 873 837 934 Muellerus
856 871 1046 933 hierodulas
1065 871 1187 930 Dianae
1205 867 1381 944 Ephesiae,

152 999 237 1056 quas
259 985 470 1046 castissimas
492 986 595 1047 fuisse
616 986 753 1048 tradidit
774 986 974 1046 Plutarchus
996 983 1156 1045 Romanis
1175 997 1249 1044 cum
1269 982 1382 1042 Vesta·

150 1097 240 1157 libus
261 1112 319 1158 eas
341 1113 539 1173 comparans
554 1094 587 1168 ¹).
610 1101 677 1161 Eae
700 1100 808 1162 virum
832 1101 966 1160 doctum
988 1132 1028 1142 -
1048 1099 1125 1159 licet
1144 1097 1183 1159 de
1201 1095 1380 1157 comanen-

150 1212 246 1272 sibus
263 1214 376 1287 aperte
390 1213 596 1287 loquatur-
612 1229 688 1275 cum
700 1215 787 1290 apud
799 1213 999 1274 Pausaniam
1014 1207 1037 1282 ²)
1048 1212 1184 1288 legisset
1195 1211 1382 1270 Amazones

151 1327 301 1386 errantes
319 1341 424 1400 usque
443 1327 484 1387 ad
501 1327 668 1403 Ephesum
687 1328 880 1402 pervenisse
899 1327 1007 1401 ibique
1020 1325 1183 1387 coloniam
1193 1323 1378 1399 reliquisse,

148 1439 308 1513 Ephesiae
338 1439 485 1502 voluisse
513 1441 712 1504 hierodulas.
735 1441 827 1503 Tunc
849 1441 989 1502 observo
1011 1440 1220 1500 Amazonum
1243 1437 1380 1498 mentio·

149 1566 230 1612 nem
258 1551 330 1613 fieri
358 1555 431 1614 tam
460 1555 495 1615 in
524 1556 643 1630 mytho
666 1556 706 1616 de
728 1556 848 1632 Ephesi
870 1555 996 1630 origine
1019 1569 1119 1628 quam
1142 1553 1176 1612 in
1199 1551 1380 1627 originibus

150 1666 326 1742 Smyrnae,
358 1647 553 1744 Cumarum,
585 1669 746 1746 Myrinae,
778 1669 923 1745 Grynae,
955 1668 1105 1743 Pitanae,
1130 1667 1378 1742 Mytilenarum,

150 1779 332 1856 Amastris,
354 1781 507 1858 Sinopae,
527 1782 669 1844 aliorum
688 1783 883 1859 oppidorum
903 1782 936 1842 in
955 1796 1012 1842 ora
1031 1781 1202 1841 maritima
1221 1781 1379 1853 sitorum;

148 1908 228 1953 cum
240 1895 325 1954 mari
336 1910 465 1968 quoque
476 1895 602 1970 Myrtoo
615 1897 678 1956 hoo
696 1910 818 1956 nomen
836 1895 941 1956 fuisse
960 1895 1170 1955 coniunctum
1187 1889 1228 1968 3);
1242 1893 1380 1967 denique

149 2006 398 2068 hierodularum
428 2023 535 2083 genus
564 2009 740 2083 eiusmodi,
771 2009 868 2082 quale
897 2010 1019 2084 Ephesi
1041 2008 1227 2084 habitabat,
1252 2023 1293 2068 ne
1316 2007 1380 2082 ipsi

150 2122 286 2196 quidem
310 2122 465 2184 Graeciae
488 2124 640 2199 ignotum
665 2123 779 2184 fuisse.

196 2237 312 2310 Itaque
346 2253 421 2298 cum
456 2238 542 2299 tales
574 2238 744 2315 mulieres,
780 2253 865 2312 quae
900 2238 1033 2300 Graecis
1066 2237 1106 2298 ab
1137 2236 1380 2310 antiquissimis

147 2351 355 2426 temporibus
374 2354 453 2413 ante
471 2351 584 2413 oculos
602 2354 827 2428 versarentur,
845 2353 880 2413 in
900 2353 1086 2413 Amazones
1103 2351 1224 2411 abiisse
1243 2351 1381 2411 minime

149 2467 196 2527 sit
219 2465 413 2542 verisimile,
438 2466 622 2528 abiciamus
643 2468 847 2528 sententiam
871 2467 993 2542 egregii
1017 2466 1092 2543 viri,
1114 2481 1212 2540 quern
1233 2464 1379 2526 Themis·

151 2595 250 2655 syrae
272 2582 307 2641 et
329 2578 552 2642 comanorum
576 2581 732 2643 viciniam
756 2581 789 2641 in
812 2596 960 2642 errorem
984 2580 1155 2641 induxisse
1179 2579 1329 2641 arbitror.

196 2808 360 2870 Venimus
390 2810 457 2870 iam
488 2811 529 2871 ad
561 2811 816 2887 explicationem
839 2811 1005 2874 Welclreri
1028 2801 1277 2884 ceterorumque
1302 2811 1382 2872 viro·

151 2939 228 2983 rum
252 2922 440 2998 doctorum,
464 2924 520 2999 qui
542 2927 619 3000 post
642 2939 719 2984 eum
742 2925 922 2987 mulierum
943 2925 1253 3000 septentrionalium
1272 2940 1383 2986 mores

150 3036 344 3110 laudarunt,
376 3038 582 3099 incursiones
612 3038 646 3098 in
675 3037 792 3099 Asiam
822 3038 1021 3116 attulerunt,
1052 3054 1110 3114 pro
1140 3039 1250 3113 mythi
1271 3037 1385 3099 funda·

151 3152 266 3211 mento
290 3150 488 3212 habuerunt.

196 3264 328 3325 Scimus
362 3265 479 3325 Asiam
513 3267 674 3327 Minorem
708 3267 789 3328 olim
819 3281 839 3327 a
868 3267 1003 3342 Scythis
1034 3265 1289 3341 Cimmeriisque
1318 3267 1386 3327 late

151 3377 388 3453 populantibus
428 3382 539 3440 tutam
582 3395 648 3441 non
688 3381 804 3458 fuisse,
845 3382 1007 3458 Phryges,
1043 3381 1222 3458 Bithynos,
1257 3382 1383 3456 Mysos,

151 3507 169 3550 e
201 3491 341 3552 Thracia
370 3507 445 3553 esse
474 3494 640 3555 oriundos.
671 3494 836 3559 Audimus
867 3495 1065 3556 Strabonem
1096 3496 1343 3557 asseverantem
1359 3489 1385 3564 4)

152 3604 215 3666 sub
239 3605 370 3667 tumulo
393 3621 491 3680 quem

688 3719 797 3802 ἄνδρες
821 3721 963 3783 Βατίειαν
985 3721 1196 3808 κικλῄσκουσι,

286 3831 438 3896 ἀθάνατοι
460 3832 494 3895 δέ
515 3857 545 3896 τε
568 3844 650 3914 σῆμα
672 3837 1011 3917 πολυσκάρθμοιο
1037 3836 1194 3916 Μυρίνης,

149 3948 317 4024 sepultam
353 3950 456 4011 luisse
490 3951 695 4013 Amazonem
728 3967 812 4027 quae
847 3952 929 4028 ipsis
964 3952 1081 4012 Troiae
1114 3950 1176 4012 sub
1212 3948 1384 4010 moenibus

150 4062 344 4138 cecidisset3
380 4064 550 4125 Priamum
584 4066 618 4125 et
650 4065 955 4143 Bellerophontem,
991 4065 1134 4126 alterum
1170 4064 1320 4139 sangarii
1351 4063 1383 4122 in

150 4176 248 4250 ripis,
272 4176 415 4238 alterum
438 4178 472 4239 in
495 4179 596 4255 Lycia
619 4182 735 4240 contra
758 4178 922 4257 Ἀμαζόνας
945 4176 1136 4258 ἀντιανείρας
1154 4178 1383 4253 belligerasse;
1401 4181 1428 4218 s

150 4290 296 4352 securim
326 4292 367 4352 ab
397 4293 539 4354 Hercule
569 4293 733 4355 Amazoni
762 4296 912 4370 ereptam
942 4294 1014 4354 Iovi
1044 4294 1235 4356 Labrandeo
1266 4294 1385 4368 Lycias
1416 4289 1463 4336 s

151 4403 283 4464 numini
301 4419 377 4466 esse
396 4406 555 4468 traditam
568 4401 601 4478 5).
622 4409 834 4470 Amazonum
852 4408 993 4483 denique
1012 4422 1148 4485 nomen,
1169 4407 1254 4482 quod
1267 4407 1385 4467 hueus-

157 4581 399 4602 *ἡ*

187 4683 205 4745 ¹)
222 4688 261 4734 An
279 4685 413 4748 seni...§
432 4691 473 4736 24.
608 4687 629 4754 ¹)
646 4691 704 4749 vn,
722 4693 746 4749 2,
765 4692 788 4740 ‘1-
924 4689 945 4752 ³)
963 4693 1050 4740 Sahal.
1067 4693 1114 4753 Ap.
1133 4693 1216 4741 ahod.
1233 4693 1246 4739 I
1264 4693 1321 4740 rba.

185 4775 207 4842 ⁴)
224 4779 282 4835 x11‚
302 4778 359 4828 did.
609 4778 631 4845 ⁸)
647 4783 717 4834 Plut
735 4784 841 4839 Quaeri.
855 4796 943 4850 graec,
959 4783 1000 4831 Ab.
