3525 5692
671 716 712 759 nr
735 715 846 759 araca.
1313 699 1373 758 117

143 889 290 963 Utroque
326 889 398 949 loco
431 903 543 948 sermo
574 885 613 947 tit
642 887 682 947 de
714 885 850 946 victima
879 885 1043 959 lapidibus
1067 885 1183 961 petita,
1207 885 1265 946 sed
1288 899 1373 957 quae

144 1003 310 1063 Minervae
333 1003 374 1063 ad
395 1017 489 1062 aram
512 1001 659 1076 confugit
682 999 845 1060 auxilium
869 999 942 1059 eius
965 1000 1157 1075 implorans.

188 1115 341 1176 Dubitari
370 1115 497 1191 nequit,
530 1115 608 1189 quin
640 1114 727 1174 iuter
756 1117 915 1187 mortem,
940 1128 1004 1187 qua
1027 1113 1167 1173 Ilienses
1191 1113 1373 1188 virginibus

145 1227 388 1301 minitarentur,
424 1231 524 1301 atque
557 1226 650 1324 illam
682 1242 765 1300 quae
797 1227 892 1287 Aiaci
923 1228 1156 1303 destinaretur,
1188 1227 1266 1301 quin
1289 1227 1375 1286 inter

143 1341 295 1416 modum,
320 1356 384 1413 quo
408 1341 551 1414 virgines
574 1340 720 1401 salutem
742 1345 951 1416 quaererent,
977 1343 1075 1414 atque
1099 1341 1209 1402 Aiacis
1231 1355 1274 1400 ne
1296 1340 1375 1415 lapi·

142 1454 240 1513 dibus
279 1453 472 1514 obrueretur
514 1454 628 1528 fugam
672 1453 713 1513 ad
747 1468 841 1514 aram
876 1454 1057 1529 Minervae,
1093 1455 1178 1514 ratio
1212 1455 1374 1528 quaedam

138 1567 333 1629 intercedat.
358 1569 425 1628 Aut
445 1569 531 1628 ritus
550 1583 568 1628 e
587 1568 780 1628 narratione
801 1565 894 1643 epic'a
915 1571 972 1628 aut
991 1569 1071 1630 haec
1083 1584 1101 1629 e
1115 1569 1182 1629 ritu
1201 1567 1373 1643 dependet.

188 1681 327 1742 Ullusue
346 1686 410 1756 est,
436 1683 491 1755 qui
511 1682 659 1756 ambigat
681 1684 790 1742 utram
810 1682 844 1741 in
864 1685 994 1756 partem
1006 1683 1165 1743 inclinet?
1184 1681 1230 1742 Ut
1241 1680 1375 1755 saepius

140 1795 190 1855 sic
225 1795 278 1856 hic
307 1810 435 1869 quoque
465 1796 552 1856 ritus
580 1795 644 1855 fuit
666 1795 937 1870 tundamentum,
962 1811 1026 1870 quo
1049 1797 1147 1870 poeta
1169 1796 1203 1854 in
1227 1792 1374 1855 carmine

140 1924 204 1970 suo
239 1911 409 1984 pangendo
442 1925 525 1971 usus
556 1913 618 1971 est.
648 1911 775 1971 Fabula
805 1915 919 1972 autem
943 1912 982 1972 de
1004 1912 1129 1972 scelere
1152 1912 1192 1971 ab
1216 1911 1316 1971 Aiace
1339 1907 1373 1966 in

141 2022 365 2086 Cassandram
388 2025 570 2085 commisso
592 2040 668 2085 cum
691 2025 760 2084 iam
784 2025 817 2085 in
842 2023 973 2100 Cypseli
998 2026 1084 2086 cista
1101 2025 1269 2101 insculpta
1287 2025 1375 2084 inve·

143 2139 265 2212 niatur,
302 2153 367 2199 non
396 2138 540 2198 multum
569 2138 799 2198 aberrabimus
830 2140 1019 2199 statuentes
1046 2140 1131 2199 hanc
1153 2131 1376 2199 narrationem

143 2253 213 2311 iam
238 2254 315 2311 ante
338 2251 404 2311 700
424 2266 454 2311 a.
467 2251 501 2312 0.
521 2266 553 2311 n.
579 2265 734 2310 sermone
754 2251 904 2327 populari
922 2251 1026 2312 fuisse
1045 2252 1261 2327 divulgatam.
1282 2251 1377 2311 Unde

144 2363 297 2437 sequitur
331 2364 436 2424 rItum
476 2365 529 2424 vel
563 2365 744 2439 antiquiori
779 2366 881 2427 aetati
917 2381 991 2427 esse
1033 2367 1255 2427 tribuendum.
1292 2365 1379 2441 Quae

144 2477 340 2537 concludere
358 2477 438 2537 licet
456 2478 594 2538 scholiis
611 2479 651 2538 ad
663 2478 929 2556 Lycophronem,
951 2480 1097 2554 epitoma
1114 2479 1290 2555 Vaticana,
1311 2493 1377 2538 non

126 2589 379 2679 refutantibus.
1100 2591 1103 2602 '

191 2702 367 2779 Quaeritur
398 2706 511 2764 tamen
543 2708 580 2766 ut
610 2705 644 2764 in
668 2720 704 2765 re
726 2705 895 2782 perdubia,
920 2721 962 2766 an
985 2705 1117 2767 aliunde
1141 2720 1267 2779 quoque
1291 2719 1379 2764 nova

143 2817 347 2877 documenta
380 2817 467 2906 erui=
491 2819 623 2893 possint
660 2819 702 2879 ad
744 2820 831 2880 hanc
867 2820 1091 2881 coniecturam
1133 2818 1375 2880 stabiliendam.

144 2929 275 2989 Revera
315 2931 483 2992 Bructner
522 2947 540 2992 e
585 2927 762 2994 ruderibus
802 2932 905 2993 fontis
943 2933 1116 2993 cuiusdam
1149 2947 1247 3007 prope
1282 2946 1374 2992 aram

144 3042 313 3103 Minervae
341 3043 456 3104 iliadis
486 3045 586 3118 positi
609 3044 693 3105 effici
716 3060 813 3120 posse
837 3046 901 3106 sibi
924 3049 977 3106 est
1000 3046 1092 3106 visus
1115 3047 1204 3107 hunc
1232 3045 1374 3120 iontem,

145 3173 164 3216 e
199 3172 263 3230 quo
302 3157 448 3232 virgines
489 3157 671 3218 Locrenses
709 3173 830 3233 aquam
872 3159 1025 3219 hausisse
1068 3159 1271 3233 dicebantur,
1305 3159 1372 3218 iam

144 3270 350 3344 perantiquis
384 3271 589 3346 temporibus
625 3272 672 3331 ibi
709 3272 855 3336 affuisse.
895 3272 965 3348 Qua
1003 3272 1043 3332 de
1073 3288 1107 3332 re
1141 3272 1298 3333 lectorem
1333 3272 1374 3330 ad

144 3385 328 3462 Bruolrneri
357 3386 621 3460 disquisitionem
652 3386 775 3447 referre
800 3388 885 3448 satis
908 3388 1034 3448 habebo
1056 3387 1167 3460 (rroja
1195 3388 1262 3448 und
1292 3385 1374 3447 Ilion

145 3499 180 3558 11
202 3500 349 3561 Abschn.
373 3500 441 3570 IX).

192 3614 329 3674 Accedit
351 3614 437 3687 quod
459 3615 658 3675 documenta
681 3629 810 3688 quoque
828 3615 978 3675 literaria
995 3616 1170 3676 historiam
1191 3616 1378 3691 spectantia

144 3728 329 3802 imaginem
362 3727 540 3802 praebeant
569 3728 736 3789 Minervae
765 3730 876 3790 cultus
899 3729 947 3789 ita
970 3729 1143 3804 solemnis,
1173 3733 1210 3789 ut
1232 3730 1377 3804 suspicio

144 3844 275 3902 crescat
305 3841 357 3902 hic
380 3842 433 3915 agi
456 3842 495 3902 de
518 3842 674 3903 instituto
698 3842 946 3919 antiquissimo,
971 3844 1066 3904 cuius
1089 3844 1181 3918 origo
1203 3844 1237 3903 in
1260 3843 1377 3919 priscis

145 3953 354 4029 temporibus
376 3956 563 4028 quaerenda
585 3956 640 4016 sit.
1185 4033 1188 4036 ,

191 4067 321 4131 Xerxes
354 4070 445 4131 enim
479 4086 554 4131 cum
590 4070 724 4131 'l'roiam
755 4072 904 4132 venisset
936 4069 964 4143 ἐς
993 4069 1025 4132 τὸ
1056 4072 1199 4152 Πριάμου
1223 4068 1379 4150 πλργαμον

144 4179 240 4259 ἀνέβη
271 4170 375 4261 ἵμερον
407 4181 483 4261 ἔχων
505 4182 690 4260 deducebar
714 4183 906 4261 θεηᾳάμενος
931 4180 964 4242 δὲ
986 4193 1022 4268 τῇ
1046 4183 1193 4266 Ἀθηναίῃ
1216 4193 1252 4268 τῇ
1273 4177 1381 4242 Ἰλιάδι

145 4292 241 4354 ἔθυσε
260 4296 335 4374 βοὺς
351 4297 461 4375 χιλίας,
475 4294 546 4374 χοὰς
558 4291 591 4355 dt
603 4296 635 4356 οἱ
647 4295 753 4376 Μάγοι
764 4301 842 4356 τοῖσι
855 4296 951 4375 ἣρωσι
963 4295 1083 4376 ἐχέαντο
1096 4299 1227 4367 (Herod.
1240 4297 1301 4358 VII
1315 4299 1379 4367 43)-

193 4409 361 4471 ldindarus
393 4427 519 4485 quoque
551 4412 888 4472 Lacedaemoniorum
912 4413 1102 4473 nauarchus
1126 4410 1328 4473 sacrificavit
1350 4409 1382 4470 ἐν

146 4525 227 4608 Ἰλίῳ
249 4534 285 4608 τῇ
309 4530 424 4609 Ἀθηνᾷ
448 4526 542 4595 (Xon.
567 4527 653 4587 Heli.
677 4527 704 4600 I,
728 4527 770 4596 4).

196 4638 375 4715 splendide
410 4640 601 4701 Alexander
630 4641 772 4715 Magnus
803 4638 944 4701 ἀνελθὼν
975 4639 1004 4713 ἐς
1027 4639 1120 4701 Ἴλιον
1151 4651 1186 4725 τῇ
1216 4662 1246 4701 τε
1269 4645 1384 4724 Ἀθηνᾷ

148 4749 247 4811 ἔθυσε
271 4760 308 4834 τῇ
327 4746 434 4812 Ἰλιάδι
457 4750 508 4812 καὶ
531 4751 586 4830 τὴν
609 4754 782 4814 πανοπλίαν
805 4752 860 4832 τὴν
880 4754 976 4816 αὑτοῦ
996 4752 1147 4832 ἀνέθηκεν
1172 4754 1201 4828 ἐς
1224 4754 1276 4814 τὸν
1295 4754 1383 4829 νεών,
1431 4825 1432 4829 ¹
