<?xml version="1.0" encoding="UTF-8"?>
<!DOCTYPE html PUBLIC "-//W3C//DTD XHTML 1.0 Transitional//EN"
    "http://www.w3.org/TR/xhtml1/DTD/xhtml1-transitional.dtd">
<html xmlns="http://www.w3.org/1999/xhtml" xml:lang="en" lang="en">
 <head>
  <title>
</title>
<meta http-equiv="Content-Type" content="text/html;charset=utf-8" />
  <meta name='ocr-system' content='tesseract 3.04.00' />
  <meta name='ocr-capabilities' content='ocr_page ocr_carea ocr_par ocr_line ocrx_word'/>
</head>
<body>
  <div class='ocr_page' id='page_1' title='image "./deajacisorigine00vgoog_0060.png"; bbox 0 0 3525 5692; ppageno 0'>
   <div class='ocr_carea' id='block_1_1' title="bbox 358 727 1056 795">
    <p class='ocr_par' dir='ltr' id='par_1_1' title="bbox 358 727 1056 795">
     <span class='ocr_line' id='line_1_1' title="bbox 358 727 1056 795; baseline 0.007 -8"><span class='ocrx_word' id='word_1_1' title='bbox 358 727 400 787; x_wconf 84' lang='lat'><strong>48</strong></span> <span class='ocrx_word' id='word_1_2' title='bbox 448 789 451 795; x_wconf 16' lang='grc' dir='ltr'><strong>Δ</strong></span> <span class='ocrx_word' id='word_1_3' title='bbox 881 743 923 788; x_wconf 84' lang='lat' dir='ltr'><strong>on</strong></span> <span class='ocrx_word' id='word_1_4' title='bbox 945 743 1056 792; x_wconf 72' lang='lat' dir='ltr'><strong>uraca.</strong></span> 
     </span>
    </p>
   </div>
   <div class='ocr_carea' id='block_1_2' title="bbox 355 915 1584 2822">
    <p class='ocr_par' dir='ltr' id='par_1_2' title="bbox 355 915 1584 1548">
     <span class='ocr_line' id='line_1_2' title="bbox 355 915 1582 991; baseline 0.004 -18"><span class='ocrx_word' id='word_1_5' title='bbox 355 916 474 974; x_wconf 89' lang='lat' dir='ltr'><strong>mortis</strong></span> <span class='ocrx_word' id='word_1_6' title='bbox 496 915 579 975; x_wconf 91' lang='lat' dir='ltr'><strong>bene</strong></span> <span class='ocrx_word' id='word_1_7' title='bbox 602 930 730 976; x_wconf 90' lang='lat' dir='ltr'><strong>memor</strong></span> <span class='ocrx_word' id='word_1_8' title='bbox 753 915 818 976; x_wconf 89' lang='lat' dir='ltr'><strong>cito</strong></span> <span class='ocrx_word' id='word_1_9' title='bbox 841 931 983 991; x_wconf 86' lang='lat' dir='ltr'><strong>parvum</strong></span> <span class='ocrx_word' id='word_1_10' title='bbox 1003 917 1121 976; x_wconf 86' lang='lat' dir='ltr'><strong>nactus</strong></span> <span class='ocrx_word' id='word_1_11' title='bbox 1140 915 1312 990; x_wconf 84' lang='lat' dir='ltr'><strong>navigium</strong></span> <span class='ocrx_word' id='word_1_12' title='bbox 1332 918 1431 977; x_wconf 88' lang='lat' dir='ltr'><strong>noctu</strong></span> <span class='ocrx_word' id='word_1_13' title='bbox 1450 917 1582 978; x_wconf 78' lang='lat' dir='ltr'>Troiam</span> 
     </span>
     <span class='ocr_line' id='line_1_3' title="bbox 356 1027 1584 1117; baseline 0.003 -31"><span class='ocrx_word' id='word_1_14' title='bbox 356 1027 524 1105; x_wconf 81' lang='lat' dir='ltr'><strong>relinquit,</strong></span> <span class='ocrx_word' id='word_1_15' title='bbox 555 1044 619 1103; x_wconf 94' lang='lat' dir='ltr'><strong>quo</strong></span> <span class='ocrx_word' id='word_1_16' title='bbox 650 1029 684 1089; x_wconf 92' lang='lat' dir='ltr'><strong>in</strong></span> <span class='ocrx_word' id='word_1_17' title='bbox 708 1029 826 1090; x_wconf 91' lang='lat' dir='ltr'><strong>itinere</strong></span> <span class='ocrx_word' id='word_1_18' title='bbox 850 1029 937 1105; x_wconf 86' lang='lat' dir='ltr'><strong>apud</strong></span> <span class='ocrx_word' id='word_1_19' title='bbox 960 1030 1066 1103; x_wconf 81' lang='lat' dir='ltr'><strong>Gyras</strong></span> <span class='ocrx_word' id='word_1_20' title='bbox 1089 1030 1325 1105; x_wconf 82' lang='lat' dir='ltr'><strong>submergitur.</strong></span> <span class='ocrx_word' id='word_1_21' title='bbox 1350 1029 1449 1090; x_wconf 79' lang='lat' dir='ltr'><strong>Cuius</strong></span> <span class='ocrx_word' id='word_1_22' title='bbox 1471 1032 1584 1117; x_wconf 65' lang='lat' dir='ltr'><strong>exibis</strong></span> 
     </span>
     <span class='ocr_line' id='line_1_4' title="bbox 356 1143 1584 1220; baseline 0.002 -19"><span class='ocrx_word' id='word_1_23' title='bbox 356 1143 475 1202; x_wconf 86' lang='lat' dir='ltr'><strong>nuntio</strong></span> <span class='ocrx_word' id='word_1_24' title='bbox 497 1143 541 1202; x_wconf 80' lang='lat' dir='ltr'><strong>¹ad</strong></span> <span class='ocrx_word' id='word_1_25' title='bbox 565 1145 751 1205; x_wconf 87' lang='lat' dir='ltr'><strong>exercitum</strong></span> <span class='ocrx_word' id='word_1_26' title='bbox 774 1145 903 1220; x_wconf 86' lang='lat' dir='ltr'><strong>perlato</strong></span> <span class='ocrx_word' id='word_1_27' title='bbox 927 1144 1041 1205; x_wconf 80' lang='lat' dir='ltr'><strong>Graeci</strong></span> <span class='ocrx_word' id='word_1_28' title='bbox 1064 1145 1189 1219; x_wconf 78' lang='lat' dir='ltr'>ingenti</span> <span class='ocrx_word' id='word_1_29' title='bbox 1211 1144 1322 1206; x_wconf 91' lang='lat' dir='ltr'><strong>dolore</strong></span> <span class='ocrx_word' id='word_1_30' title='bbox 1345 1147 1378 1205; x_wconf 93' lang='lat' dir='ltr'><strong>et</strong></span> <span class='ocrx_word' id='word_1_31' title='bbox 1400 1145 1492 1206; x_wconf 82' lang='lat' dir='ltr'><strong>luctu</strong></span> <span class='ocrx_word' id='word_1_32' title='bbox 1515 1146 1584 1206; x_wconf 89' lang='lat' dir='ltr'><strong>ani-</strong></span> 
     </span>
     <span class='ocr_line' id='line_1_5' title="bbox 356 1245 1583 1334; baseline 0.005 -19"><span class='ocrx_word' id='word_1_33' title='bbox 356 1257 422 1316; x_wconf 91' lang='lat' dir='ltr'><strong>mis</strong></span> <span class='ocrx_word' id='word_1_34' title='bbox 453 1254 651 1318; x_wconf 84' lang='lat' dir='ltr'><strong>afficiuntur.</strong></span> <span class='ocrx_word' id='word_1_35' title='bbox 683 1258 798 1332; x_wconf 84' lang='lat' dir='ltr'><strong>Itaque</strong></span> <span class='ocrx_word' id='word_1_36' title='bbox 825 1273 947 1319; x_wconf 91' lang='lat' dir='ltr'><strong>navem</strong></span> <span class='ocrx_word' id='word_1_37' title='bbox 971 1258 1060 1333; x_wconf 81' lang='lat' dir='ltr'><strong>ligno</strong></span> <span class='ocrx_word' id='word_1_38' title='bbox 1083 1257 1266 1334; x_wconf 81' lang='lat' dir='ltr'><strong>expletam,</strong></span> <span class='ocrx_word' id='word_1_39' title='bbox 1289 1245 1360 1332; x_wconf 58' lang='lat' dir='ltr'><strong>rori</strong></span> <span class='ocrx_word' id='word_1_40' title='bbox 1383 1258 1417 1319; x_wconf 94' lang='lat' dir='ltr'><strong>in</strong></span> <span class='ocrx_word' id='word_1_41' title='bbox 1440 1259 1583 1320; x_wconf 84' lang='lat' dir='ltr'><strong>formam</strong></span> 
     </span>
     <span class='ocr_line' id='line_1_6' title="bbox 356 1369 1584 1447; baseline 0.005 -19"><span class='ocrx_word' id='word_1_42' title='bbox 356 1369 568 1447; x_wconf 80' lang='lat' dir='ltr'><strong>instructam,</strong></span> <span class='ocrx_word' id='word_1_43' title='bbox 600 1371 703 1447; x_wconf 84' lang='lat' dir='ltr'><strong>nigris</strong></span> <span class='ocrx_word' id='word_1_44' title='bbox 733 1371 881 1433; x_wconf 87' lang='lat' dir='ltr'><strong>victimis</strong></span> <span class='ocrx_word' id='word_1_45' title='bbox 909 1373 1016 1434; x_wconf 88' lang='lat' dir='ltr'><strong>caesis</strong></span> <span class='ocrx_word' id='word_1_46' title='bbox 1039 1374 1210 1434; x_wconf 85' lang='lat' dir='ltr'><strong>oneratam</strong></span> <span class='ocrx_word' id='word_1_47' title='bbox 1233 1372 1415 1433; x_wconf 89' lang='lat' dir='ltr'><strong>incendunt</strong></span> <span class='ocrx_word' id='word_1_48' title='bbox 1437 1373 1584 1446; x_wconf 84' lang='lat' dir='ltr'><strong>velisque</strong></span> 
     </span>
     <span class='ocr_line' id='line_1_7' title="bbox 356 1483 1199 1548; baseline 0.007 -6"><span class='ocrx_word' id='word_1_49' title='bbox 356 1483 496 1544; x_wconf 88' lang='lat' dir='ltr'><strong>sublatis</strong></span> <span class='ocrx_word' id='word_1_50' title='bbox 519 1485 628 1545; x_wconf 90' lang='lat' dir='ltr'><strong>ventis</strong></span> <span class='ocrx_word' id='word_1_51' title='bbox 651 1485 690 1546; x_wconf 89' lang='lat' dir='ltr'><strong>ab</strong></span> <span class='ocrx_word' id='word_1_52' title='bbox 714 1487 772 1547; x_wconf 91' lang='lat' dir='ltr'><strong>Ida</strong></span> <span class='ocrx_word' id='word_1_53' title='bbox 793 1486 952 1547; x_wconf 88' lang='lat' dir='ltr'><strong>flantibus</strong></span> <span class='ocrx_word' id='word_1_54' title='bbox 975 1488 1199 1548; x_wconf 83' lang='lat' dir='ltr'><strong>committunt.</strong></span> 
     </span>
    </p>

    <p class='ocr_par' dir='ltr' id='par_1_3' title="bbox 355 1597 1582 2457">
     <span class='ocr_line' id='line_1_8' title="bbox 401 1597 1581 1677; baseline 0.002 -20"><span class='ocrx_word' id='word_1_55' title='bbox 401 1597 492 1658; x_wconf 88' lang='lat' dir='ltr'><strong>Haec</strong></span> <span class='ocrx_word' id='word_1_56' title='bbox 521 1597 632 1659; x_wconf 84' lang='lat' dir='ltr'><strong>fabula</strong></span> <span class='ocrx_word' id='word_1_57' title='bbox 662 1601 752 1660; x_wconf 88' lang='lat' dir='ltr'><strong>caret</strong></span> <span class='ocrx_word' id='word_1_58' title='bbox 782 1600 1021 1677; x_wconf 87' lang='lat' dir='ltr'><strong>additamento,</strong></span> <span class='ocrx_word' id='word_1_59' title='bbox 1053 1615 1116 1674; x_wconf 88' lang='lat' dir='ltr'><strong>quo</strong></span> <span class='ocrx_word' id='word_1_60' title='bbox 1146 1601 1181 1660; x_wconf 93' lang='lat' dir='ltr'><strong>in</strong></span> <span class='ocrx_word' id='word_1_61' title='bbox 1212 1601 1360 1675; x_wconf 85' lang='lat' dir='ltr'>Odyssea</span> <span class='ocrx_word' id='word_1_62' title='bbox 1382 1601 1520 1675; x_wconf 88' lang='lat' dir='ltr'><strong>mythus</strong></span> <span class='ocrx_word' id='word_1_63' title='bbox 1542 1599 1581 1659; x_wconf 91' lang='lat' dir='ltr'><strong>de</strong></span> 
     </span>
     <span class='ocr_line' id='line_1_9' title="bbox 355 1701 1582 1788; baseline 0.002 -18"><span class='ocrx_word' id='word_1_64' title='bbox 355 1711 428 1771; x_wconf 89' lang='lat' dir='ltr'><strong>odio</strong></span> <span class='ocrx_word' id='word_1_65' title='bbox 446 1712 534 1772; x_wconf 90' lang='lat' dir='ltr'><strong>inter</strong></span> <span class='ocrx_word' id='word_1_66' title='bbox 552 1713 688 1774; x_wconf 89' lang='lat' dir='ltr'><strong>Aiacem</strong></span> <span class='ocrx_word' id='word_1_67' title='bbox 704 1715 737 1774; x_wconf 92' lang='lat' dir='ltr'><strong>et</strong></span> <span class='ocrx_word' id='word_1_68' title='bbox 756 1701 940 1775; x_wconf 86' lang='lat' dir='ltr'><strong>Minervam</strong></span> <span class='ocrx_word' id='word_1_69' title='bbox 960 1714 1164 1776; x_wconf 88' lang='lat' dir='ltr'><strong>internecivo</strong></span> <span class='ocrx_word' id='word_1_70' title='bbox 1183 1715 1395 1788; x_wconf 86' lang='lat' dir='ltr'><strong>obscuratur;</strong></span> <span class='ocrx_word' id='word_1_71' title='bbox 1416 1714 1480 1775; x_wconf 90' lang='lat' dir='ltr'><strong>alio</strong></span> <span class='ocrx_word' id='word_1_72' title='bbox 1493 1713 1582 1774; x_wconf 91' lang='lat' dir='ltr'><strong>enim</strong></span> 
     </span>
     <span class='ocr_line' id='line_1_10' title="bbox 355 1827 1581 1920; baseline 0 -34"><span class='ocrx_word' id='word_1_73' title='bbox 355 1829 550 1901; x_wconf 81' lang='lat' dir='ltr'><strong>argumento</strong></span> <span class='ocrx_word' id='word_1_74' title='bbox 575 1860 615 1871; x_wconf 89' lang='lat'><strong>—-</strong></span> <span class='ocrx_word' id='word_1_75' title='bbox 640 1828 680 1888; x_wconf 89' lang='lat' dir='ltr'><strong>ab</strong></span> <span class='ocrx_word' id='word_1_76' title='bbox 715 1827 814 1888; x_wconf 89' lang='lat' dir='ltr'><strong>Aiace</strong></span> <span class='ocrx_word' id='word_1_77' title='bbox 846 1827 953 1888; x_wconf 90' lang='lat' dir='ltr'><strong>alieno</strong></span> <span class='ocrx_word' id='word_1_78' title='bbox 978 1861 1025 1920; x_wconf 26' lang='lat'><strong>—·</strong></span> <span class='ocrx_word' id='word_1_79' title='bbox 1043 1828 1106 1889; x_wconf 90' lang='lat' dir='ltr'><strong>boc</strong></span> <span class='ocrx_word' id='word_1_80' title='bbox 1139 1843 1215 1890; x_wconf 90' lang='lat' dir='ltr'><strong>cum</strong></span> <span class='ocrx_word' id='word_1_81' title='bbox 1245 1828 1319 1890; x_wconf 92' lang='lat' dir='ltr'><strong>odio</strong></span> <span class='ocrx_word' id='word_1_82' title='bbox 1350 1828 1524 1890; x_wconf 86' lang='lat' dir='ltr'><strong>coniuncto</strong></span> <span class='ocrx_word' id='word_1_83' title='bbox 1547 1827 1581 1886; x_wconf 92' lang='lat' dir='ltr'><strong>in</strong></span> 
     </span>
     <span class='ocr_line' id='line_1_11' title="bbox 356 1939 1580 2019; baseline 0.002 -20"><span class='ocrx_word' id='word_1_84' title='bbox 356 1939 503 2015; x_wconf 83' lang='lat' dir='ltr'>Odyssea</span> <span class='ocrx_word' id='word_1_85' title='bbox 528 1956 582 2002; x_wconf 90' lang='lat' dir='ltr'><strong>res</strong></span> <span class='ocrx_word' id='word_1_86' title='bbox 612 1940 649 2001; x_wconf 89' lang='lat' dir='ltr'><strong>lit</strong></span> <span class='ocrx_word' id='word_1_87' title='bbox 678 1943 872 2004; x_wconf 84' lang='lat' dir='ltr'><strong>intricatior.</strong></span> <span class='ocrx_word' id='word_1_88' title='bbox 898 1942 1002 2004; x_wconf 85' lang='lat' dir='ltr'><strong>Abest</strong></span> <span class='ocrx_word' id='word_1_89' title='bbox 1026 1944 1115 2004; x_wconf 90' lang='lat' dir='ltr'><strong>enim</strong></span> <span class='ocrx_word' id='word_1_90' title='bbox 1139 1943 1225 2019; x_wconf 89' lang='lat' dir='ltr'><strong>apud</strong></span> <span class='ocrx_word' id='word_1_91' title='bbox 1249 1943 1490 2005; x_wconf 86' lang='lat' dir='ltr'><strong>Philostratum</strong></span> <span class='ocrx_word' id='word_1_92' title='bbox 1512 1957 1580 2018; x_wconf 88' lang='lat' dir='ltr'><strong>pro·</strong></span> 
     </span>
     <span class='ocr_line' id='line_1_12' title="bbox 355 2053 1581 2130; baseline 0 -16"><span class='ocrx_word' id='word_1_93' title='bbox 355 2053 451 2130; x_wconf 90' lang='lat' dir='ltr'><strong>cella,</strong></span> <span class='ocrx_word' id='word_1_94' title='bbox 476 2070 540 2127; x_wconf 86' lang='lat' dir='ltr'><strong>qua</strong></span> <span class='ocrx_word' id='word_1_95' title='bbox 563 2055 710 2117; x_wconf 88' lang='lat' dir='ltr'><strong>Minerva</strong></span> <span class='ocrx_word' id='word_1_96' title='bbox 732 2059 838 2118; x_wconf 87' lang='lat' dir='ltr'><strong>totam</strong></span> <span class='ocrx_word' id='word_1_97' title='bbox 863 2058 1062 2119; x_wconf 81' lang='lat' dir='ltr'><strong>Graecorum</strong></span> <span class='ocrx_word' id='word_1_98' title='bbox 1083 2058 1225 2118; x_wconf 86' lang='lat' dir='ltr'><strong>classem</strong></span> <span class='ocrx_word' id='word_1_99' title='bbox 1246 2072 1388 2117; x_wconf 79' lang='lat' dir='ltr'><strong>vexasse</strong></span> <span class='ocrx_word' id='word_1_100' title='bbox 1406 2055 1581 2117; x_wconf 80' lang='lat' dir='ltr'><strong>terebatur.</strong></span> 
     </span>
     <span class='ocr_line' id='line_1_13' title="bbox 356 2168 1582 2246; baseline 0 -18"><span class='ocrx_word' id='word_1_101' title='bbox 356 2169 392 2228; x_wconf 93' lang='lat' dir='ltr'><strong>Id</strong></span> <span class='ocrx_word' id='word_1_102' title='bbox 430 2169 527 2230; x_wconf 90' lang='lat' dir='ltr'><strong>modo</strong></span> <span class='ocrx_word' id='word_1_103' title='bbox 563 2171 734 2230; x_wconf 89' lang='lat' dir='ltr'><strong>docemur:</strong></span> <span class='ocrx_word' id='word_1_104' title='bbox 770 2171 906 2233; x_wconf 89' lang='lat' dir='ltr'><strong>Aiacem</strong></span> <span class='ocrx_word' id='word_1_105' title='bbox 941 2171 1153 2246; x_wconf 83' lang='lat' dir='ltr'><strong>naufragium</strong></span> <span class='ocrx_word' id='word_1_106' title='bbox 1188 2171 1308 2231; x_wconf 85' lang='lat' dir='ltr'><strong>fecisse</strong></span> <span class='ocrx_word' id='word_1_107' title='bbox 1343 2170 1428 2245; x_wconf 89' lang='lat' dir='ltr'><strong>apud</strong></span> <span class='ocrx_word' id='word_1_108' title='bbox 1459 2168 1582 2243; x_wconf 59' lang='lat' dir='ltr'><strong>syram</strong></span> 
     </span>
     <span class='ocr_line' id='line_1_14' title="bbox 356 2282 1581 2358; baseline 0 -17"><span class='ocrx_word' id='word_1_109' title='bbox 356 2282 492 2344; x_wconf 87' lang='lat' dir='ltr'><strong>huiusce</strong></span> <span class='ocrx_word' id='word_1_110' title='bbox 516 2283 718 2344; x_wconf 89' lang='lat' dir='ltr'><strong>calamitatis</strong></span> <span class='ocrx_word' id='word_1_111' title='bbox 741 2299 878 2346; x_wconf 88' lang='lat' dir='ltr'><strong>causam</strong></span> <span class='ocrx_word' id='word_1_112' title='bbox 901 2285 1004 2346; x_wconf 82' lang='lat' dir='ltr'><strong>luisse</strong></span> <span class='ocrx_word' id='word_1_113' title='bbox 1027 2285 1192 2346; x_wconf 89' lang='lat' dir='ltr'><strong>Minervae</strong></span> <span class='ocrx_word' id='word_1_114' title='bbox 1212 2286 1315 2358; x_wconf 88' lang='lat' dir='ltr'><strong>iram;</strong></span> <span class='ocrx_word' id='word_1_115' title='bbox 1336 2284 1478 2345; x_wconf 83' lang='lat' dir='ltr'><strong>Graecos</strong></span> <span class='ocrx_word' id='word_1_116' title='bbox 1490 2283 1581 2343; x_wconf 91' lang='lat' dir='ltr'><strong>heroi</strong></span> 
     </span>
     <span class='ocr_line' id='line_1_15' title="bbox 356 2397 642 2457; baseline 0.003 -1"><span class='ocrx_word' id='word_1_117' title='bbox 356 2397 474 2457; x_wconf 88' lang='lat' dir='ltr'><strong>tulisse</strong></span> <span class='ocrx_word' id='word_1_118' title='bbox 497 2397 642 2457; x_wconf 84' lang='lat' dir='ltr'><strong>inferias.</strong></span> 
     </span>
    </p>

    <p class='ocr_par' dir='ltr' id='par_1_4' title="bbox 356 2510 1583 2822">
     <span class='ocr_line' id='line_1_16' title="bbox 402 2510 1583 2588; baseline 0.001 -18"><span class='ocrx_word' id='word_1_119' title='bbox 402 2511 463 2571; x_wconf 82' lang='lat' dir='ltr'><strong>Sed</strong></span> <span class='ocrx_word' id='word_1_120' title='bbox 488 2510 521 2570; x_wconf 92' lang='lat' dir='ltr'><strong>in</strong></span> <span class='ocrx_word' id='word_1_121' title='bbox 541 2510 675 2571; x_wconf 88' lang='lat' dir='ltr'><strong>Locride</strong></span> <span class='ocrx_word' id='word_1_122' title='bbox 694 2527 821 2585; x_wconf 91' lang='lat' dir='ltr'><strong>quoque</strong></span> <span class='ocrx_word' id='word_1_123' title='bbox 841 2512 880 2573; x_wconf 90' lang='lat' dir='ltr'><strong>de</strong></span> <span class='ocrx_word' id='word_1_124' title='bbox 901 2512 1013 2573; x_wconf 88' lang='lat' dir='ltr'><strong>Aiacis</strong></span> <span class='ocrx_word' id='word_1_125' title='bbox 1033 2512 1224 2588; x_wconf 89' lang='lat' dir='ltr'><strong>honoribus,</strong></span> <span class='ocrx_word' id='word_1_126' title='bbox 1247 2511 1287 2573; x_wconf 93' lang='lat' dir='ltr'><strong>de</strong></span> <span class='ocrx_word' id='word_1_127' title='bbox 1305 2511 1434 2572; x_wconf 85' lang='lat' dir='ltr'><strong>inferiis</strong></span> <span class='ocrx_word' id='word_1_128' title='bbox 1452 2511 1583 2585; x_wconf 88' lang='lat' dir='ltr'><strong>quibus·</strong></span> 
     </span>
     <span class='ocr_line' id='line_1_17' title="bbox 356 2623 1582 2707; baseline 0.002 -23"><span class='ocrx_word' id='word_1_129' title='bbox 356 2625 432 2685; x_wconf 90' lang='lat' dir='ltr'><strong>darn</strong></span> <span class='ocrx_word' id='word_1_130' title='bbox 464 2624 626 2702; x_wconf 90' lang='lat' dir='ltr'><strong>audimus.</strong></span> <span class='ocrx_word' id='word_1_131' title='bbox 658 2626 807 2686; x_wconf 89' lang='lat' dir='ltr'><strong>Primum</strong></span> <span class='ocrx_word' id='word_1_132' title='bbox 838 2625 1044 2688; x_wconf 84' lang='lat' dir='ltr'><strong>habebantur</strong></span> <span class='ocrx_word' id='word_1_133' title='bbox 1073 2627 1118 2687; x_wconf 92' lang='lat' dir='ltr'><strong>ibi</strong></span> <span class='ocrx_word' id='word_1_134' title='bbox 1148 2623 1278 2707; x_wconf 69' lang='grc' dir='ltr'><strong><em>ἀγῶνες,</em></strong></span> <span class='ocrx_word' id='word_1_135' title='bbox 1300 2625 1473 2687; x_wconf 88' lang='lat' dir='ltr'><strong>sacrificiis</strong></span> <span class='ocrx_word' id='word_1_136' title='bbox 1495 2640 1582 2687; x_wconf 93' lang='lat' dir='ltr'><strong>coro·</strong></span> 
     </span>
     <span class='ocr_line' id='line_1_18' title="bbox 356 2736 1582 2822; baseline 0 -25"><span class='ocrx_word' id='word_1_137' title='bbox 356 2739 472 2812; x_wconf 84' lang='lat' dir='ltr'><strong>nisque</strong></span> <span class='ocrx_word' id='word_1_138' title='bbox 495 2736 547 2797; x_wconf 81' lang='grc' dir='ltr'><strong>τὸν</strong></span> <span class='ocrx_word' id='word_1_139' title='bbox 569 2737 730 2798; x_wconf 77' lang='grc' dir='ltr'><strong><em>Αἰάντειον</em></strong></span> <span class='ocrx_word' id='word_1_140' title='bbox 747 2737 852 2818; x_wconf 83' lang='grc' dir='ltr'><strong><em>βωμὸν</em></strong></span> <span class='ocrx_word' id='word_1_141' title='bbox 871 2739 1115 2818; x_wconf 82' lang='grc' dir='ltr'><strong><em>ιιατεκόσμησαν;</em></strong></span> <span class='ocrx_word' id='word_1_142' title='bbox 1134 2738 1251 2818; x_wconf 80' lang='grc' dir='ltr'><strong><em>ίιίματο</em></strong></span> <span class='ocrx_word' id='word_1_143' title='bbox 1263 2740 1350 2802; x_wconf 84' lang='lat' dir='ltr'><strong>Aiax</strong></span> <span class='ocrx_word' id='word_1_144' title='bbox 1362 2737 1394 2799; x_wconf 79' lang='grc' dir='ltr'><strong>ἕν</strong></span> <span class='ocrx_word' id='word_1_145' title='bbox 1406 2748 1442 2822; x_wconf 73' lang='grc' dir='ltr'><strong>τῇ</strong></span> <span class='ocrx_word' id='word_1_146' title='bbox 1453 2738 1582 2816; x_wconf 79' lang='grc' dir='ltr'><strong><em>Λοκρίδι</em></strong></span> 
     </span>
    </p>
   </div>
   <div class='ocr_carea' id='block_1_3' title="bbox 355 2844 1582 3620">
    <p class='ocr_par' dir='ltr' id='par_1_5' title="bbox 355 2844 1582 2937">
     <span class='ocr_line' id='line_1_19' title="bbox 355 2844 1582 2937; baseline 0.001 -28"><span class='ocrx_word' id='word_1_147' title='bbox 355 2844 406 2909; x_wconf 83' lang='grc' dir='ltr'><strong>ἶσα</strong></span> <span class='ocrx_word' id='word_1_148' title='bbox 428 2855 501 2933; x_wconf 76' lang='grc' dir='ltr'><em>θεῷ.</em></span> <span class='ocrx_word' id='word_1_149' title='bbox 526 2850 705 2937; x_wconf 79' lang='grc' dir='ltr'><strong><em>Κενοταφίῳ</em></strong></span> <span class='ocrx_word' id='word_1_150' title='bbox 729 2853 839 2912; x_wconf 89' lang='lat' dir='ltr'><strong>herois</strong></span> <span class='ocrx_word' id='word_1_151' title='bbox 862 2869 920 2928; x_wconf 89' lang='lat' dir='ltr'><strong>pro</strong></span> <span class='ocrx_word' id='word_1_152' title='bbox 939 2854 1031 2937; x_wconf 76' lang='grc' dir='ltr'><strong><em>βωμῷ</em></strong></span> <span class='ocrx_word' id='word_1_153' title='bbox 1051 2855 1228 2915; x_wconf 91' lang='lat' dir='ltr'><strong>utebantur</strong></span> <span class='ocrx_word' id='word_1_154' title='bbox 1246 2853 1374 2915; x_wconf 90' lang='lat' dir='ltr'><strong>incolae</strong></span> <span class='ocrx_word' id='word_1_155' title='bbox 1394 2851 1426 2912; x_wconf 78' lang='lat' dir='ltr'><strong>tv</strong></span> <span class='ocrx_word' id='word_1_156' title='bbox 1442 2847 1582 2913; x_wconf 75' lang='grc' dir='ltr'><strong><em>Ὀποῦντι</em></strong></span> 
     </span>
    </p>

    <p class='ocr_par' dir='ltr' id='par_1_6' title="bbox 357 2965 1579 3043">
     <span class='ocr_line' id='line_1_20' title="bbox 357 2965 1579 3043; baseline 0.002 -19"><span class='ocrx_word' id='word_1_157' title='bbox 357 2965 470 3035; x_wconf 89' lang='lat' dir='ltr'><strong>(schol.</strong></span> <span class='ocrx_word' id='word_1_158' title='bbox 489 2965 582 3027; x_wconf 88' lang='lat' dir='ltr'><strong>Pind.</strong></span> <span class='ocrx_word' id='word_1_159' title='bbox 609 2966 657 3028; x_wconf 92' lang='lat' dir='ltr'><strong>Ol.</strong></span> <span class='ocrx_word' id='word_1_160' title='bbox 681 2967 729 3026; x_wconf 89' lang='lat' dir='ltr'><strong>IX</strong></span> <span class='ocrx_word' id='word_1_161' title='bbox 754 2969 953 3038; x_wconf 78' lang='grc'><strong>161-167).</strong></span> <span class='ocrx_word' id='word_1_162' title='bbox 978 2968 1101 3029; x_wconf 90' lang='lat' dir='ltr'><strong>Verum</strong></span> <span class='ocrx_word' id='word_1_163' title='bbox 1126 2969 1216 3029; x_wconf 90' lang='lat' dir='ltr'><strong>enim</strong></span> <span class='ocrx_word' id='word_1_164' title='bbox 1239 2968 1428 3043; x_wconf 87' lang='lat' dir='ltr'><strong>sepulcrum</strong></span> <span class='ocrx_word' id='word_1_165' title='bbox 1452 2967 1579 3042; x_wconf 88' lang='lat' dir='ltr'><strong>Myconi</strong></span> 
     </span>
    </p>

    <p class='ocr_par' dir='ltr' id='par_1_7' title="bbox 357 3078 1579 3273">
     <span class='ocr_line' id='line_1_21' title="bbox 357 3078 1513 3161; baseline 0.002 -23"><span class='ocrx_word' id='word_1_166' title='bbox 357 3081 428 3139; x_wconf 89' lang='lat' dir='ltr'><strong>erat</strong></span> <span class='ocrx_word' id='word_1_167' title='bbox 451 3080 600 3151; x_wconf 84' lang='lat' dir='ltr'><strong>(Aristot.</strong></span> <span class='ocrx_word' id='word_1_168' title='bbox 624 3080 713 3155; x_wconf 87' lang='lat' dir='ltr'><strong>Pepl.</strong></span> <span class='ocrx_word' id='word_1_169' title='bbox 741 3081 802 3158; x_wconf 84' lang='lat'><strong>16),</strong></span> <span class='ocrx_word' id='word_1_170' title='bbox 828 3082 914 3156; x_wconf 90' lang='lat' dir='ltr'><strong>apud</strong></span> <span class='ocrx_word' id='word_1_171' title='bbox 938 3081 1070 3154; x_wconf 65' lang='grc' dir='ltr'><strong><em>Αἴαντος</em></strong></span> <span class='ocrx_word' id='word_1_172' title='bbox 1093 3078 1202 3161; x_wconf 78' lang='grc' dir='ltr'><strong><em>πέτρας</em></strong></span> <span class='ocrx_word' id='word_1_173' title='bbox 1226 3083 1357 3158; x_wconf 85' lang='lat' dir='ltr'><strong>(Hygin.</strong></span> <span class='ocrx_word' id='word_1_174' title='bbox 1381 3082 1403 3144; x_wconf 85' lang='lat' dir='ltr'><strong>f.</strong></span> <span class='ocrx_word' id='word_1_175' title='bbox 1430 3084 1513 3152; x_wconf 88' lang='grc'><strong>116).</strong></span> 
     </span>
     <span class='ocr_line' id='line_1_22' title="bbox 402 3193 1579 3273; baseline 0.001 -19"><span class='ocrx_word' id='word_1_176' title='bbox 402 3193 483 3268; x_wconf 79' lang='lat' dir='ltr'><strong>Quid</strong></span> <span class='ocrx_word' id='word_1_177' title='bbox 519 3210 595 3255; x_wconf 90' lang='lat' dir='ltr'><strong>vero</strong></span> <span class='ocrx_word' id='word_1_178' title='bbox 627 3228 668 3239; x_wconf 95' lang='lat'>-</span> <span class='ocrx_word' id='word_1_179' title='bbox 700 3210 778 3256; x_wconf 90' lang='lat' dir='ltr'><strong>narn</strong></span> <span class='ocrx_word' id='word_1_180' title='bbox 809 3196 896 3269; x_wconf 87' lang='lat' dir='ltr'><strong>quod</strong></span> <span class='ocrx_word' id='word_1_181' title='bbox 926 3197 1137 3258; x_wconf 87' lang='lat' dir='ltr'><strong>narravimus</strong></span> <span class='ocrx_word' id='word_1_182' title='bbox 1166 3198 1206 3258; x_wconf 92' lang='lat' dir='ltr'><strong>de</strong></span> <span class='ocrx_word' id='word_1_183' title='bbox 1237 3197 1414 3273; x_wconf 83' lang='lat' dir='ltr'><strong>agonibus,</strong></span> <span class='ocrx_word' id='word_1_184' title='bbox 1446 3197 1486 3258; x_wconf 91' lang='lat' dir='ltr'><strong>de</strong></span> <span class='ocrx_word' id='word_1_185' title='bbox 1509 3211 1579 3270; x_wconf 90' lang='lat' dir='ltr'><strong>ara,</strong></span> 
     </span>
    </p>

    <p class='ocr_par' dir='ltr' id='par_1_8' title="bbox 356 3305 1343 3384">
     <span class='ocr_line' id='line_1_23' title="bbox 356 3305 1343 3384; baseline 0.006 -18"><span class='ocrx_word' id='word_1_186' title='bbox 356 3307 395 3367; x_wconf 91' lang='lat' dir='ltr'><strong>de</strong></span> <span class='ocrx_word' id='word_1_187' title='bbox 419 3309 560 3384; x_wconf 90' lang='lat' dir='ltr'><strong>coronis,</strong></span> <span class='ocrx_word' id='word_1_188' title='bbox 586 3308 696 3370; x_wconf 89' lang='lat' dir='ltr'><strong>differt</strong></span> <span class='ocrx_word' id='word_1_189' title='bbox 719 3309 759 3370; x_wconf 91' lang='lat' dir='ltr'><strong>ab</strong></span> <span class='ocrx_word' id='word_1_190' title='bbox 784 3310 914 3370; x_wconf 84' lang='lat' dir='ltr'><strong>inferiis</strong></span> <span class='ocrx_word' id='word_1_191' title='bbox 939 3345 979 3354; x_wconf 92' lang='lat'>-</span> <span class='ocrx_word' id='word_1_192' title='bbox 1003 3310 1102 3373; x_wconf 86' lang='lat' dir='ltr'><strong>fiebat</strong></span> <span class='ocrx_word' id='word_1_193' title='bbox 1126 3308 1159 3370; x_wconf 78' lang='grc' dir='ltr'><strong>ἐν</strong></span> <span class='ocrx_word' id='word_1_194' title='bbox 1177 3305 1343 3372; x_wconf 65' lang='grc' dir='ltr'><strong><em>Ὀιιοσνιιῖ</em></strong></span> 
     </span>
    </p>

    <p class='ocr_par' dir='ltr' id='par_1_9' title="bbox 356 3419 1579 3504">
     <span class='ocr_line' id='line_1_24' title="bbox 356 3419 1579 3504; baseline 0.001 -23"><span class='ocrx_word' id='word_1_195' title='bbox 356 3421 358 3426; x_wconf 82' lang='grc'>’</span> <span class='ocrx_word' id='word_1_196' title='bbox 399 3423 582 3484; x_wconf 84' lang='lat' dir='ltr'><strong>Audiamus</strong></span> <span class='ocrx_word' id='word_1_197' title='bbox 613 3424 754 3486; x_wconf 77' lang='lat' dir='ltr'><strong>rzetzen</strong></span> <span class='ocrx_word' id='word_1_198' title='bbox 778 3426 818 3486; x_wconf 93' lang='lat' dir='ltr'><strong>ad</strong></span> <span class='ocrx_word' id='word_1_199' title='bbox 842 3427 1004 3501; x_wconf 87' lang='lat' dir='ltr'><strong>Lycophr.</strong></span> <span class='ocrx_word' id='word_1_200' title='bbox 1028 3424 1113 3490; x_wconf 79' lang='lat'><strong>365:</strong></span> <span class='ocrx_word' id='word_1_201' title='bbox 1141 3429 1307 3504; x_wconf 68' lang='grc' dir='ltr'><strong><em>,μαθοῦσα</em></strong></span> <span class='ocrx_word' id='word_1_202' title='bbox 1332 3420 1365 3485; x_wconf 78' lang='lat' dir='ltr'><strong>ol</strong></span> <span class='ocrx_word' id='word_1_203' title='bbox 1386 3419 1406 3501; x_wconf 81' lang='grc' dir='ltr'><em>ἡ</em></span> <span class='ocrx_word' id='word_1_204' title='bbox 1430 3420 1579 3504; x_wconf 78' lang='grc' dir='ltr'><strong><em>Λοκρὶς</em></strong></span> 
     </span>
    </p>

    <p class='ocr_par' dir='ltr' id='par_1_10' title="bbox 356 3534 1580 3620">
     <span class='ocr_line' id='line_1_25' title="bbox 356 3534 1580 3620; baseline 0.002 -26"><span class='ocrx_word' id='word_1_205' title='bbox 356 3535 488 3595; x_wconf 78' lang='grc' dir='ltr'><strong><em>ἅπασα</em></strong></span> <span class='ocrx_word' id='word_1_206' title='bbox 518 3535 550 3597; x_wconf 83' lang='grc' dir='ltr'><strong>τὸ</strong></span> <span class='ocrx_word' id='word_1_207' title='bbox 581 3535 702 3616; x_wconf 80' lang='grc' dir='ltr'><strong><em>συμβὰν</em></strong></span> <span class='ocrx_word' id='word_1_208' title='bbox 733 3535 781 3598; x_wconf 77' lang='grc' dir='ltr'><strong>ἐπὶ</strong></span> <span class='ocrx_word' id='word_1_209' title='bbox 803 3537 914 3620; x_wconf 82' lang='grc' dir='ltr'><strong><em>χρόνον</em></strong></span> <span class='ocrx_word' id='word_1_210' title='bbox 937 3537 1007 3599; x_wconf 84' lang='grc' dir='ltr'><strong><em>ὅλον</em></strong></span> <span class='ocrx_word' id='word_1_211' title='bbox 1031 3544 1286 3619; x_wconf 80' lang='grc' dir='ltr'><strong><em>μελανηφοροῦσα</em></strong></span> <span class='ocrx_word' id='word_1_212' title='bbox 1308 3537 1361 3600; x_wconf 80' lang='grc' dir='ltr'><strong>τὸν</strong></span> <span class='ocrx_word' id='word_1_213' title='bbox 1379 3534 1477 3617; x_wconf 73' lang='grc' dir='ltr'><strong><em>ἄνδρα</em></strong></span> <span class='ocrx_word' id='word_1_214' title='bbox 1497 3534 1580 3597; x_wconf 73' lang='grc' dir='ltr'><strong><em>ἐπίν-</em></strong></span> 
     </span>
    </p>
   </div>
   <div class='ocr_carea' id='block_1_4' title="bbox 354 3647 1580 4872">
    <p class='ocr_par' dir='ltr' id='par_1_11' title="bbox 354 3647 1579 3965">
     <span class='ocr_line' id='line_1_26' title="bbox 354 3647 1579 3733; baseline 0.001 -24"><span class='ocrx_word' id='word_1_215' title='bbox 354 3654 433 3728; x_wconf 68' lang='lat' dir='ltr'><strong>daos</strong></span> <span class='ocrx_word' id='word_1_216' title='bbox 455 3648 507 3709; x_wconf 83' lang='grc' dir='ltr'><strong><em>καλ</em></strong></span> <span class='ocrx_word' id='word_1_217' title='bbox 530 3647 652 3729; x_wconf 75' lang='grc' dir='ltr'><strong><em>ἐτησίας</em></strong></span> <span class='ocrx_word' id='word_1_218' title='bbox 677 3647 803 3712; x_wconf 73' lang='lat' dir='ltr'><strong>discidio</strong></span> <span class='ocrx_word' id='word_1_219' title='bbox 833 3657 991 3732; x_wconf 77' lang='grc' dir='ltr'><strong><em>πληροῦσα</em></strong></span> <span class='ocrx_word' id='word_1_220' title='bbox 1022 3659 1143 3714; x_wconf 81' lang='grc' dir='ltr'><em>θυσιῶν</em></span> <span class='ocrx_word' id='word_1_221' title='bbox 1173 3657 1408 3733; x_wconf 77' lang='grc' dir='ltr'><strong><em>μεγαλοπρεπῶν</em></strong></span> <span class='ocrx_word' id='word_1_222' title='bbox 1438 3649 1490 3712; x_wconf 82' lang='grc' dir='ltr'><strong><em>καλ</em></strong></span> <span class='ocrx_word' id='word_1_223' title='bbox 1519 3657 1579 3729; x_wconf 77' lang='grc' dir='ltr'><strong>πῦρ</strong></span> 
     </span>
     <span class='ocr_line' id='line_1_27' title="bbox 356 3760 1579 3848; baseline 0 -25"><span class='ocrx_word' id='word_1_224' title='bbox 356 3760 545 3841; x_wconf 73' lang='grc' dir='ltr'><strong><em>ἐμβάλλουσα</em></strong></span> <span class='ocrx_word' id='word_1_225' title='bbox 568 3774 603 3848; x_wconf 75' lang='grc' dir='ltr'><strong>τῇ</strong></span> <span class='ocrx_word' id='word_1_226' title='bbox 628 3761 733 3824; x_wconf 82' lang='grc' dir='ltr'><strong><em>ὁλκάδι</em></strong></span> <span class='ocrx_word' id='word_1_227' title='bbox 756 3763 908 3846; x_wconf 81' lang='grc' dir='ltr'><strong><em>ἕξαρτῶσοί</em></strong></span> <span class='ocrx_word' id='word_1_228' title='bbox 930 3788 960 3827; x_wconf 84' lang='grc' dir='ltr'><strong>τε</strong></span> <span class='ocrx_word' id='word_1_229' title='bbox 979 3764 1072 3845; x_wconf 82' lang='grc' dir='ltr'><strong><em>μέλαν</em></strong></span> <span class='ocrx_word' id='word_1_230' title='bbox 1091 3767 1186 3828; x_wconf 77' lang='grc' dir='ltr'><strong><em>ἱστίον</em></strong></span> <span class='ocrx_word' id='word_1_231' title='bbox 1207 3764 1342 3846; x_wconf 79' lang='grc' dir='ltr'><strong><em>αὐχένων</em></strong></span> <span class='ocrx_word' id='word_1_232' title='bbox 1360 3763 1450 3846; x_wconf 85' lang='grc' dir='ltr'><strong><em>χωρλς</em></strong></span> <span class='ocrx_word' id='word_1_233' title='bbox 1469 3762 1579 3843; x_wconf 77' lang='grc' dir='ltr'><strong><em>ἔπεμπε</em></strong></span> 
     </span>
     <span class='ocr_line' id='line_1_28' title="bbox 356 3875 1212 3965; baseline 0.007 -29"><span class='ocrx_word' id='word_1_234' title='bbox 356 3876 431 3957; x_wconf 79' lang='grc' dir='ltr'><strong><em>πρὸς</em></strong></span> <span class='ocrx_word' id='word_1_235' title='bbox 453 3876 486 3938; x_wconf 79' lang='grc' dir='ltr'><strong>τὸ</strong></span> <span class='ocrx_word' id='word_1_236' title='bbox 509 3875 638 3958; x_wconf 77' lang='grc' dir='ltr'><strong><em>πέλαγος</em></strong></span> <span class='ocrx_word' id='word_1_237' title='bbox 661 3880 881 3940; x_wconf 77' lang='grc' dir='ltr'><strong><em>κατακαίεσθαι</em></strong></span> <span class='ocrx_word' id='word_1_238' title='bbox 903 3881 1019 3942; x_wconf 80' lang='grc' dir='ltr'><strong><em>θυσίαν</em></strong></span> <span class='ocrx_word' id='word_1_239' title='bbox 1042 3892 1082 3965; x_wconf 78' lang='grc' dir='ltr'><strong>τῷ</strong></span> <span class='ocrx_word' id='word_1_240' title='bbox 1106 3881 1212 3964; x_wconf 73' lang='grc' dir='ltr'><strong><em>ἥρωι.”</em></strong></span> 
     </span>
    </p>

    <p class='ocr_par' dir='ltr' id='par_1_12' title="bbox 356 3993 1579 4294">
     <span class='ocr_line' id='line_1_29' title="bbox 400 3993 1577 4072; baseline 0.003 -20"><span class='ocrx_word' id='word_1_241' title='bbox 400 3993 579 4054; x_wconf 88' lang='lat' dir='ltr'><strong>Naviculae</strong></span> <span class='ocrx_word' id='word_1_242' title='bbox 613 3993 722 4069; x_wconf 86' lang='lat' dir='ltr'><strong>igitur</strong></span> <span class='ocrx_word' id='word_1_243' title='bbox 747 3994 901 4071; x_wconf 85' lang='lat' dir='ltr'><strong>expletae</strong></span> <span class='ocrx_word' id='word_1_244' title='bbox 932 3995 1103 4058; x_wconf 88' lang='lat' dir='ltr'><strong>sacrificiis</strong></span> <span class='ocrx_word' id='word_1_245' title='bbox 1130 3996 1316 4072; x_wconf 86' lang='lat' dir='ltr'><strong>magnificis</strong></span> <span class='ocrx_word' id='word_1_246' title='bbox 1345 3995 1476 4056; x_wconf 90' lang='lat' dir='ltr'><strong>incendi</strong></span> <span class='ocrx_word' id='word_1_247' title='bbox 1498 3994 1577 4055; x_wconf 91' lang='lat' dir='ltr'><strong>sole·</strong></span> 
     </span>
     <span class='ocr_line' id='line_1_30' title="bbox 357 4107 1579 4186; baseline 0.002 -20"><span class='ocrx_word' id='word_1_248' title='bbox 357 4107 452 4181; x_wconf 87' lang='lat' dir='ltr'><strong>bant;</strong></span> <span class='ocrx_word' id='word_1_249' title='bbox 483 4107 636 4168; x_wconf 87' lang='lat' dir='ltr'><strong>incensae</strong></span> <span class='ocrx_word' id='word_1_250' title='bbox 667 4124 745 4170; x_wconf 89' lang='lat' dir='ltr'><strong>vero</strong></span> <span class='ocrx_word' id='word_1_251' title='bbox 772 4110 851 4170; x_wconf 85' lang='lat' dir='ltr'><strong>velis</strong></span> <span class='ocrx_word' id='word_1_252' title='bbox 874 4110 1014 4170; x_wconf 90' lang='lat' dir='ltr'><strong>sublatis</strong></span> <span class='ocrx_word' id='word_1_253' title='bbox 1037 4111 1257 4186; x_wconf 87' lang='lat' dir='ltr'><strong>gubernaculo</strong></span> <span class='ocrx_word' id='word_1_254' title='bbox 1279 4113 1409 4172; x_wconf 87' lang='lat' dir='ltr'><strong>remoto</strong></span> <span class='ocrx_word' id='word_1_255' title='bbox 1430 4111 1465 4170; x_wconf 89' lang='lat' dir='ltr'><strong>in</strong></span> <span class='ocrx_word' id='word_1_256' title='bbox 1488 4123 1579 4171; x_wconf 91' lang='lat' dir='ltr'><strong>mare</strong></span> 
     </span>
     <span class='ocr_line' id='line_1_31' title="bbox 356 4202 895 4294; baseline 0.009 -14"><span class='ocrx_word' id='word_1_257' title='bbox 356 4221 611 4282; x_wconf 83' lang='lat' dir='ltr'><strong>inmittebantur</strong></span> <span class='ocrx_word' id='word_1_258' title='bbox 634 4213 770 4283; x_wconf 84' lang='lat' dir='ltr'><strong>inferiae</strong></span> <span class='ocrx_word' id='word_1_259' title='bbox 793 4202 895 4294; x_wconf 87' lang='lat' dir='ltr'><strong>heroi.</strong></span> 
     </span>
    </p>

    <p class='ocr_par' dir='ltr' id='par_1_13' title="bbox 354 4333 1579 4742">
     <span class='ocr_line' id='line_1_32' title="bbox 400 4333 1579 4414; baseline 0.004 -21"><span class='ocrx_word' id='word_1_260' title='bbox 400 4333 607 4409; x_wconf 82' lang='lat' dir='ltr'><strong>comparatis</strong></span> <span class='ocrx_word' id='word_1_261' title='bbox 631 4335 718 4396; x_wconf 91' lang='lat' dir='ltr'><strong>inter</strong></span> <span class='ocrx_word' id='word_1_262' title='bbox 741 4352 776 4396; x_wconf 92' lang='lat' dir='ltr'><strong>se</strong></span> <span class='ocrx_word' id='word_1_263' title='bbox 791 4345 886 4410; x_wconf 76' lang='lat' dir='ltr'><strong>‘quae</strong></span> <span class='ocrx_word' id='word_1_264' title='bbox 909 4338 1046 4399; x_wconf 89' lang='lat' dir='ltr'><strong>tradidit</strong></span> <span class='ocrx_word' id='word_1_265' title='bbox 1068 4339 1291 4400; x_wconf 85' lang='lat' dir='ltr'><strong>Philostratus</strong></span> <span class='ocrx_word' id='word_1_266' title='bbox 1313 4341 1412 4413; x_wconf 89' lang='lat' dir='ltr'><strong>atque</strong></span> <span class='ocrx_word' id='word_1_267' title='bbox 1434 4353 1518 4414; x_wconf 84' lang='lat' dir='ltr'><strong>quae</strong></span> <span class='ocrx_word' id='word_1_268' title='bbox 1541 4337 1579 4398; x_wconf 92' lang='lat' dir='ltr'><strong>de</strong></span> 
     </span>
     <span class='ocr_line' id='line_1_33' title="bbox 355 4449 1578 4530; baseline 0.002 -22"><span class='ocrx_word' id='word_1_269' title='bbox 355 4449 533 4510; x_wconf 85' lang='lat' dir='ltr'><strong>Locrorum</strong></span> <span class='ocrx_word' id='word_1_270' title='bbox 564 4449 631 4511; x_wconf 89' lang='lat' dir='ltr'><strong>ritu</strong></span> <span class='ocrx_word' id='word_1_271' title='bbox 662 4450 805 4511; x_wconf 90' lang='lat' dir='ltr'><strong>solemni</strong></span> <span class='ocrx_word' id='word_1_272' title='bbox 835 4453 984 4512; x_wconf 89' lang='lat' dir='ltr'><strong>servavit</strong></span> <span class='ocrx_word' id='word_1_273' title='bbox 1012 4452 1163 4530; x_wconf 82' lang='lat' dir='ltr'><strong>Taetzes,</strong></span> <span class='ocrx_word' id='word_1_274' title='bbox 1187 4453 1307 4514; x_wconf 89' lang='lat' dir='ltr'><strong>statim</strong></span> <span class='ocrx_word' id='word_1_275' title='bbox 1331 4455 1467 4529; x_wconf 88' lang='lat' dir='ltr'><strong>apparet</strong></span> <span class='ocrx_word' id='word_1_276' title='bbox 1489 4451 1578 4512; x_wconf 86' lang='lat' dir='ltr'><strong>labu-</strong></span> 
     </span>
     <span class='ocr_line' id='line_1_34' title="bbox 354 4562 1577 4648; baseline 0.002 -26"><span class='ocrx_word' id='word_1_277' title='bbox 354 4563 423 4622; x_wconf 90' lang='lat' dir='ltr'><strong>lam</strong></span> <span class='ocrx_word' id='word_1_278' title='bbox 452 4562 710 4625; x_wconf 86' lang='lat' dir='ltr'><strong>Philostrateam</strong></span> <span class='ocrx_word' id='word_1_279' title='bbox 740 4578 806 4625; x_wconf 91' lang='lat' dir='ltr'><strong>non</strong></span> <span class='ocrx_word' id='word_1_280' title='bbox 836 4565 876 4626; x_wconf 88' lang='lat' dir='ltr'><strong>de</strong></span> <span class='ocrx_word' id='word_1_281' title='bbox 907 4565 1011 4628; x_wconf 90' lang='lat' dir='ltr'><strong>nihilo</strong></span> <span class='ocrx_word' id='word_1_282' title='bbox 1034 4567 1137 4628; x_wconf 84' lang='lat' dir='ltr'><strong>fuisse</strong></span> <span class='ocrx_word' id='word_1_283' title='bbox 1159 4566 1287 4648; x_wconf 90' lang='lat' dir='ltr'><strong>fictam,</strong></span> <span class='ocrx_word' id='word_1_284' title='bbox 1310 4583 1427 4628; x_wconf 84' lang='lat' dir='ltr'><strong>revera</strong></span> <span class='ocrx_word' id='word_1_285' title='bbox 1449 4581 1577 4627; x_wconf 89' lang='lat' dir='ltr'><strong>morem</strong></span> 
     </span>
     <span class='ocr_line' id='line_1_35' title="bbox 354 4676 1321 4742; baseline 0.006 -6"><span class='ocrx_word' id='word_1_286' title='bbox 354 4676 583 4738; x_wconf 89' lang='lat' dir='ltr'><strong>navicularum</strong></span> <span class='ocrx_word' id='word_1_287' title='bbox 607 4677 900 4738; x_wconf 78' lang='lat' dir='ltr'><strong>sacrificandorum</strong></span> <span class='ocrx_word' id='word_1_288' title='bbox 924 4680 958 4740; x_wconf 93' lang='lat' dir='ltr'><strong>in</strong></span> <span class='ocrx_word' id='word_1_289' title='bbox 980 4681 1117 4742; x_wconf 89' lang='lat' dir='ltr'><strong>Locride</strong></span> <span class='ocrx_word' id='word_1_290' title='bbox 1141 4681 1321 4742; x_wconf 85' lang='lat' dir='ltr'><strong>exstitisse.</strong></span> 
     </span>
    </p>

    <p class='ocr_par' dir='ltr' id='par_1_14' title="bbox 400 4789 1580 4872">
     <span class='ocr_line' id='line_1_36' title="bbox 400 4789 1580 4872; baseline 0.003 -23"><span class='ocrx_word' id='word_1_291' title='bbox 400 4789 572 4864; x_wconf 79' lang='lat' dir='ltr'><strong>Quaeritur</strong></span> <span class='ocrx_word' id='word_1_292' title='bbox 607 4791 682 4865; x_wconf 90' lang='lat' dir='ltr'><strong>quid</strong></span> <span class='ocrx_word' id='word_1_293' title='bbox 718 4792 773 4852; x_wconf 90' lang='lat' dir='ltr'><strong>ille</strong></span> <span class='ocrx_word' id='word_1_294' title='bbox 802 4808 876 4853; x_wconf 89' lang='lat' dir='ltr'><strong>mos</strong></span> <span class='ocrx_word' id='word_1_295' title='bbox 899 4793 963 4853; x_wconf 90' lang='lat' dir='ltr'><strong>sibi</strong></span> <span class='ocrx_word' id='word_1_296' title='bbox 987 4795 1138 4856; x_wconf 87' lang='lat' dir='ltr'><strong>voluerit.</strong></span> <span class='ocrx_word' id='word_1_297' title='bbox 1162 4796 1318 4856; x_wconf 84' lang='lat' dir='ltr'><strong>Fortasse</strong></span> <span class='ocrx_word' id='word_1_298' title='bbox 1341 4797 1434 4872; x_wconf 88' lang='lat' dir='ltr'><strong>sunt,</strong></span> <span class='ocrx_word' id='word_1_299' title='bbox 1459 4793 1580 4868; x_wconf 85' lang='lat' dir='ltr'><strong>quiex</strong></span> 
     </span>
    </p>
   </div>
   <div class='ocr_carea' id='block_1_5' title="bbox 0 0 1768 5692">
    <p class='ocr_par' dir='ltr' id='par_1_15' title="bbox 0 0 1768 5692">
     <span class='ocr_line' id='line_1_37' title="bbox 0 0 1768 5692; baseline 0 0"><span class='ocrx_word' id='word_1_300' title='bbox 0 0 1768 5692; x_wconf 95' lang='lat' dir='ltr'><strong> </strong></span> 
     </span>
    </p>
   </div>
  </div>
 </body>
</html>
