3525 5692
367 654 410 714 64
891 666 933 710 nn
955 667 1066 712 ursos.

365 840 499 902 lucrant
527 841 625 902 heros
655 855 840 916 eponymus
863 841 898 899 et
920 855 990 900 rex.
1014 839 1194 901 Temercne
1216 838 1492 914 atthidographus
1514 839 1612 898 haec

368 955 503 1016 nomina
537 969 613 1015 cum
649 954 721 1016 loco
755 954 888 1014 Atticae
928 953 1081 1028 proximo
1116 953 1316 1015 coniunxit?
1348 953 1435 1026 Non,
1470 952 1611 1027 opinor.

368 1067 484 1128 Oultus
505 1069 594 1129 enim
618 1067 663 1127 ibi
686 1067 821 1128 habitus
844 1065 925 1142 fingi
947 1081 1014 1128 non
1037 1068 1185 1142 poterat;
1211 1068 1317 1128 immo
1340 1067 1497 1128 cohaeret
1520 1082 1611 1127 cum

368 1182 625 1243 Salaminiorum
649 1180 791 1245 solemni
814 1189 892 1240 νεῶν
915 1175 1025 1262 ἁμίλλῃ
1048 1181 1143 1241 Aiaci
1162 1181 1324 1242 dedicata.
1342 1181 1501 1241 Phaeacia
1519 1196 1608 1254 quo·

368 1311 431 1368 que
453 1311 575 1357 nomen
598 1295 740 1358 Athonis
762 1295 904 1356 minime
927 1294 1101 1356 insolitum
1121 1295 1218 1364 (Plut.
1239 1294 1309 1356 Nic.
1324 1297 1380 1368 11;
1400 1294 1501 1356 Thuc.
1514 1294 1555 1370 V,
1568 1300 1608 1364 4)

369 1410 422 1470 hic
443 1409 568 1483 aliquid
591 1409 697 1470 valet:
721 1409 769 1470 sic
793 1409 882 1470 enim
907 1408 1093 1485 appellatur
1115 1409 1201 1485 apud
1221 1409 1334 1483 stopo.
1354 1409 1434 1483 Byz.
1453 1409 1609 1483 Neptuni

368 1527 402 1584 et
424 1524 578 1599 Asopidis
601 1522 702 1598 filius,
726 1523 812 1598 apud
840 1521 1008 1584 Cononem
1032 1538 1111 1583 vero
1134 1527 1206 1583 tam
1229 1522 1359 1584 Alcinoi
1382 1537 1481 1596 quam
1503 1521 1609 1582 Locro·

368 1640 471 1713 paler.
492 1636 671 1698 Versamur
691 1637 792 1711 igitur
811 1635 845 1696 in
865 1637 1034 1710 Odysseae
1053 1642 1157 1712 parte,
1171 1637 1413 1697 cuiusnomina
1425 1635 1606 1697 Graeciam

369 1754 514 1816 mediam
552 1755 585 1813 et
623 1752 819 1827 praesertim
862 1752 1012 1812 Atticam
1054 1753 1088 1812 et
1129 1750 1333 1812 Salaminem
1373 1753 1412 1810 ut
1444 1752 1604 1827 respicia-

368 1883 445 1930 mus
475 1882 537 1928 nos
566 1868 714 1928 monent.
746 1865 849 1940 Regio
876 1868 966 1927 certe
997 1864 1157 1940 fabulosa,
1184 1880 1283 1939 quarn
1302 1865 1481 1939 appellavit
1498 1869 1607 1941 poeta

368 1980 498 2060 Σχερίην
520 1983 542 2042 i.
562 1997 590 2042 e.
615 1981 723 2060 Litus,
747 1980 836 2040 baud
859 1979 973 2054 procul
996 1979 1036 2040 ab
1060 1980 1175 2040 Attica
1197 2013 1240 2022 -
1271 1980 1301 2040 si
1324 1979 1445 2040 saltem
1468 1984 1603 2041 certam

369 2096 535 2170 quandam
558 2095 726 2170 regionem
750 2109 808 2169 pro
833 2092 940 2154 oculis
958 2093 1130 2154 habuit-
1154 2096 1272 2169 poetae
1291 2093 1457 2154 inruente
1475 2094 1607 2155 afuisse

367 2210 507 2271 videtur.
532 2210 644 2283 Neque
667 2223 864 2283 possumus,
890 2209 968 2283 quin
991 2210 1171 2270 nautarum
1194 2223 1373 2270 numerum
1398 2210 1452 2286 52,
1477 2209 1602 2284 quibus

368 2323 556 2384 Phaeacum
580 2337 685 2383 naves
709 2321 867 2398 compleri
891 2321 1052 2398 solebant,
1077 2323 1118 2383 ob
1142 2323 1331 2386 Phaeacum
1354 2337 1468 2399 regum
1486 2338 1589 2384 nume

369 2451 444 2496 rum
470 2437 509 2496 13
534 2451 551 2497 e
575 2434 649 2511 4><
668 2436 707 2495 13
733 2438 843 2496 ortum
868 2449 943 2496 esse
966 2439 1140 2511 putemus;
1171 2437 1220 2497 ita
1242 2439 1280 2497 ut
1301 2439 1458 2511 quattuor
1480 2437 1603 2513 phylas

359 2549 523 2632 ,seherias
553 2550 657 2610 fuisse
691 2548 744 2610 vel
775 2551 886 2624 potius
909 2552 1041 2624 poetam
1066 2550 1128 2610 sibi
1151 2549 1303 2627 finxisse,
1327 2553 1478 2626 systema
1498 2551 1603 2626 igitur

368 2663 527 2738 ionicum,
564 2661 746 2723 verisimile
784 2663 956 2723 ducamus.
993 2663 1088 2724 Glotz
1123 2664 1156 2723 in
1191 2664 1288 2739 libro,
1323 2666 1379 2739 qui
1409 2665 1601 2726 inscribitur

370 2777 511 2853 ,illudes
542 2775 681 2836 sociales
709 2778 742 2836 ei
769 2776 955 2851 juridiques
978 2792 1035 2837 sur
1059 2777 1246 2852 l'antiquite
1269 2782 1433 2852 grecque”
1458 2795 1489 2855 p.
1514 2778 1594 2850 239ι

241 2881 245 2886 ’
371 2905 488 2952 omnes
518 2888 704 2950 Phaeacum
736 2905 790 2950 res
812 2889 1003 2951 maritimas
1025 2906 1102 2951 cum
1127 2892 1241 2952 atticis
1263 2893 1448 2953 naucrariis
1471 2907 1587 2966 compo

370 3005 438 3064 suit
460 3003 631 3077 multaque
654 3002 699 3063 ibi
722 3004 888 3078 sagaciter
910 2999 1087 3065 observata
1110 3005 1264 3080 reperies.

416 3118 492 3194 Sed,
517 3120 555 3178 ut
578 3117 619 3177 ad
641 3099 774 3192 incepta
797 3118 986 3196 redeamus,
1008 3119 1132 3180 Teucer
1151 3135 1169 3180 e
1189 3120 1323 3180 Locride
1342 3120 1501 3181 oriundus
1518 3120 1597 3180 smi-

369 3233 478 3307 gravit
512 3230 730 3308 Salaminem,
754 3230 811 3292 ubi
834 3235 868 3292 et
890 3233 962 3307 ipse
985 3235 1020 3294 et
1042 3233 1144 3308 Aiax,
1177 3235 1292 3308 utpote
1315 3234 1370 3307 qui
1392 3237 1487 3309 patre
1510 3249 1596 3295 caro·

370 3348 457 3418 rent,
488 3343 659 3405 Telamoni
682 3344 813 3406 cuidam
836 3345 959 3406 addicti
978 3348 1067 3406 sunt.
1096 3346 1212 3406 Graeci
1235 3348 1366 3423 autem,
1393 3349 1449 3421 qui
1472 3349 1547 3408 iude
1575 3362 1596 3408 a

370 3472 457 3519 nono
487 3457 618 3518 saeculo
649 3457 795 3532 Cyprum
826 3459 1005 3520 veniebant
1028 3459 1137 3534 ibique
1160 3459 1361 3522 Teucrorum
1391 3461 1598 3536 reperiebant

369 3585 504 3647 nomen,
531 3569 732 3632 effluxerunt
755 3571 918 3648 fabulam,
952 3587 1015 3646 qua
1049 3573 1146 3633 heros
1180 3544 1321 3648 graecus
1353 3589 1418 3636 non
1446 3577 1595 3650 receptus

370 3700 390 3745 a
424 3687 516 3759 patre
542 3685 582 3745 ob
617 3685 795 3759 segnitiem
827 3700 894 3746 non
924 3688 1111 3749 vindicatae
1134 3688 1247 3749 fratris
1280 3689 1419 3750 iniuriae
1453 3689 1595 3766 Cyprum

370 3797 527 3873 appulsus
561 3797 737 3859 ferebatur.
781 3798 980 3860 Teucrorum
1023 3816 1119 3876 reges
1163 3799 1306 3876 cyprum
1338 3802 1527 3865 habitantes
1555 3803 1595 3865 ob

370 3911 460 3970 urhis
490 3925 569 3970 suae
595 3909 787 3983 insulaeque
819 3911 1000 3972 Salaminis
1030 3913 1281 3987 homonymiam
1313 3916 1474 3991 originem
1500 3932 1593 3977 suam

368 4040 387 4085 a
423 4023 546 4084 Teucro
581 4022 717 4084 duxisse
753 4025 895 4085 coniecit
929 4026 1045 4086 Busolt
1077 4027 1142 4096 (Gr.
1175 4027 1211 4087 G.
1244 4029 1313 4103 Ip.
1338 4030 1426 4100 321).
1458 4030 1592 4106 Iniuria,

370 4138 465 4211 puto:
497 4137 567 4211 ipse
592 4137 681 4197 euim
715 4138 833 4199 Busolt
867 4140 1024 4200 observat
1054 4140 1171 4201 urbem
1201 4138 1355 4216 cypriam
1379 4143 1594 4220 Salaminem,

369 4252 569 4312 Graecorum
616 4253 778 4313 coloniam
822 4253 1081 4330 validissimam,
1118 4254 1157 4315 ab
1204 4254 1338 4316 Graecis
1371 4257 1452 4331 ipsis
1493 4259 1595 4319 fuisse

370 4365 547 4426 conditam.
594 4365 739 4441 vestigia
772 4368 892 4441 punica
922 4382 1059 4443 prorsus
1089 4369 1134 4428 ihi
1168 4368 1298 4430 absunt.
1335 4369 1464 4431 Novum
1494 4373 1595 4446 igitur

370 4480 523 4554 oppidum
554 4479 633 4553 quin
665 4479 777 4542 Graeci
813 4481 1012 4557 appellarint
1034 4484 1167 4543 nomine
1191 4498 1320 4560 graeco,
1349 4485 1422 4557 quis
1445 4485 1595 4546 dubitat?

370 4591 463 4654 Unde
506 4594 655 4666 sequitur
695 4608 816 4655 nomen
860 4594 991 4656 Siliumi
1035 4596 1074 4656 ab
1109 4597 1226 4657 incolis
1261 4598 1376 4658 datum
1412 4613 1430 4659 e
1464 4599 1597 4661 nomine

371 4705 550 4766 Salaminis
588 4701 662 4767 ess'e
703 4707 935 4784 depravatum,
979 4725 1043 4769 non
1087 4715 1199 4771 autem
1243 4725 1363 4773 nomen
1406 4713 1536 4773 sillumi
1576 4727 1597 4772 a
