3525 5692
628 719 639 734 '
720 722 761 768 on
784 723 895 771 Alaea.

258 891 285 948 K
308 890 374 950 238
419 892 644 967 speculatores
667 897 826 970 surgunt:

421 1004 534 1066 Αἴαντε
557 1006 621 1068 δύο
644 1009 831 1085 θεράποντες
848 1007 969 1090 Ἄρηος.

257 1118 286 1174 Η
309 1118 372 1179 164
418 1134 492 1182 cum
516 1120 660 1183 Hectore
683 1123 873 1185 dimicaturi
897 1125 1061 1201 prodeunt

418 1231 546 1307 Αἴαντες
568 1239 681 1315 θοῦριν
704 1233 890 1315 tudertine
912 1235 1017 1316 ἀλκήν.

259 1341 372 1407 0262
418 1347 548 1410 hostem
573 1351 808 1424 aggrediuntur
830 1355 907 1427 post
929 1353 1121 1416 Diomedem
1146 1359 1180 1418 et
1202 1359 1354 1420 Atridast

420 1462 547 1534 Αἴαντες
570 1468 684 1541 θοῦριν
707 1462 892 1543 ἔττιὶειμένοι
914 1465 1019 1544 ἀλκήν.

249 1580 287 1637 Μ
306 1579 371 1639 335
419 1579 630 1641 Menestheus
660 1581 787 1642 amicos
817 1596 958 1656 quorum
986 1585 1062 1658 eget
1084 1585 1208 1647 auxilio
1232 1588 1418 1665 circumspi·

463 1694 570 1755 ciens:

418 1804 447 1879 ἒς
471 1802 498 1867 δ’
526 1802 626 1886 ἔνόησ’
653 1807 767 1869 Αἴαντε
789 1809 870 1888 δύο),
893 1805 1028 1889 πολέμι’
1053 1810 1190 1892 ἀκορήτω

418 1918 568 1994 ἑσταότας.

462 2035 568 2097 Simul
592 2052 649 2098 eos
671 2038 874 2116 invocatos.
899 2039 976 2101 354.
1321 2121 1324 2126 ¹

252 2150 287 2207 Ν
306 2149 371 2210 301
417 2150 524 2211 Simul
546 2151 702 2213 auferunt
724 2154 758 2213 et
780 2151 924 2228 spoliant
947 2153 1138 2215 confossum
1161 2156 1311 2221 hostem:

419 2255 459 2336 ὧς
482 2263 520 2343 ῥα
543 2262 595 2325 τὸν
617 2261 717 2342 ὑψόθ’
743 2264 843 2345 ἔχοντε
867 2267 932 2327 δύο
957 2266 1067 2328 Αἴαντε
1089 2268 1221 2348 κορυστὰ

418 2373 516 2457 τεύχε’·
533 2376 690 2457 teotardo.

255 2493 285 2548 Σ
309 2493 370 2554 157
416 2493 467 2554 ter
489 2493 650 2554 Patroclis
672 2509 693 2553 a
715 2494 877 2555 cadavere
897 2495 1084 2570 propellunt
1108 2497 1287 2560 Hectorem

419 2601 468 2667 δύ’
497 2607 632 2679 Αἴαντες.

240 2834 443 2912 Quibusdam
477 2833 560 2896 locis
595 2834 738 2896 editores
770 2833 923 2895 dubitant
953 2832 1070 2894 Αἴαντα
1101 2835 1201 2896 edant
1232 2850 1275 2896 an
1305 2834 1426 2897 Αἴαντε.

196 2947 232 3010 Ε.
256 2965 286 3023 g.
322 2949 351 3006 li
385 2949 442 3024 53,
475 2948 531 3009 ubi
561 2949 709 3023 praestat
740 2947 850 3022 legere
881 2945 998 3009 Αἴαντα
1028 2947 1108 3009 licet
1138 2963 1188 3009 vs.
1215 2949 1279 3010 110
1301 2951 1336 3011 et
1361 2950 1424 3010 113

196 3065 376 3138 utrumque
416 3063 665 3124 convocandum
707 3064 845 3123 censeat
884 3062 1015 3124 Nestor.
1050 3061 1304 3138 coniunguntur
1337 3064 1427 3125 enim

196 3176 282 3238 Aiax
306 3178 340 3238 et
361 3176 561 3238 idomeneus
583 3182 645 3247 (vs.
669 3177 723 3252 53,
752 3177 827 3246 112)
850 3175 938 3237 Aiax
960 3177 1070 3238 minor
1093 3178 1128 3237 et
1153 3175 1270 3251 Phylei
1293 3174 1392 3238 iilius.

242 3291 282 3348 M
297 3291 377 3367 342,
398 3289 452 3351 uti
472 3289 649 3365 legendum
671 3288 781 3350 Αἴαντε
799 3289 874 3352 coli.
898 3305 948 3351 vs.
969 3290 1052 3364 353;
1075 3290 1200 3364 0301,
1215 3290 1424 3353 ubitortasse

196 3408 343 3481 praestat
366 3403 491 3481 Αἴαντε,
516 3418 592 3466 cum
612 3419 669 3480 per
687 3404 793 3464 totam
805 3402 958 3465 Palioxin
970 3404 1089 3465 heroes
1100 3406 1229 3466 certent
1240 3405 1425 3480 coniuncti;

198 3523 223 3578 P
243 3521 322 3596 626,
347 3517 404 3578 ubi
426 3516 741 3593 legendum-Adam
765 3517 838 3579 coll.
861 3532 913 3604 vs.
937 3517 1013 3579 668.

241 3633 412 3694 Interdum
436 3647 513 3694 cum
536 3632 691 3693 Aiacibus
714 3631 926 3706 coniungitur
949 3630 1083 3693 Teucer.
1108 3630 1182 3692 Uno
1200 3647 1300 3692 versu
1318 3632 1424 3694 iuxta·

195 3747 296 3824 positi
317 3748 455 3808 exstant
477 3747 511 3805 N
533 3746 616 3807 818:

331 3856 458 3931 Αἴαντές
480 3881 510 3920 τε
534 3859 598 3920 δύο)
625 3857 756 3938 Τεῦκρός
779 3853 814 3919 θ’
841 3853 874 3931 ὃς
898 3855 1019 3937 ἄριστος
1043 3861 1165 3937 Ἀχαιῶν
1185 3853 1367 3942 Ιτοξοσύνρ.

241 3973 317 4036 3οΙο
347 3977 461 4036 autem
491 3989 567 4035 cum
598 3972 790 4035 'telamonio
820 3973 968 4049 procedit
998 3973 1082 4035 Oilei
1103 3972 1194 4035 filins
1216 3973 1250 4034 in
1275 3974 1424 4049 imagine

196 4090 232 4149 N
253 4089 317 4150 700
340 4103 429 4164 squ:

256 4181 258 4185 ,
419 4201 497 4275 Αἴας
521 4195 549 4263 δ’
565 4199 666 4264 οὐκέτι
688 4200 827 4280 ττάμτταν,
844 4195 963 4280 Ὀιλῆος
987 4200 1076 4282 ταχὺς
1099 4200 1180 4279 οἷὸς,

417 4310 510 4378 ἵστατ’
536 4310 585 4377 ἀνι)
612 4315 743 4390 Αἴαντος
769 4316 974 4395 Τελαμωνίου,
996 4311 1066 4378 odd’
1090 4307 1110 4394 ἦ
1134 4315 1233 4395 βαιόν·

419 4426 480 4492 ἀλλ’
506 4431 546 4505 ὥς
569 4426 595 4492 τ’
621 4429 654 4492 ἐν
677 4441 746 4514 νειῷ
770 4430 823 4509 βόε
845 4430 976 4491 folcone
998 4428 1114 4508 ττηιιτὸν
1136 4427 1264 4512 ἄροτρον

306 4553 309 4561 “
416 4547 508 4607 Hecu
531 4544 634 4624 θυμὸν
657 4545 757 4625 ἔχοντα
779 4546 944 4606 τιταίνετον
956 4589 1106 4608 ........

417 4652 457 4733 ὧς
479 4659 520 4722 τὼ
543 4661 738 4742 παρβεβαῶτε
760 4654 827 4738 μάλ’
852 4656 982 4720 ἕστασαν
1004 4656 1166 4737 ἀλλήλοιιν.

239 4773 386 4838 Observa
408 4791 480 4838 rem
503 4776 652 4838 maxime
674 4776 862 4838 mirandam
887 4775 940 4836 hic
963 4774 1059 4837 nobis
1081 4773 1219 4836 narrari.
1239 4774 1324 4836 Nam
1345 4788 1422 4841 cum
