3525 5692
665 680 707 723 or
730 680 880 725 onanms.
1322 671 1384 730 175

161 866 248 924 quae
270 865 459 926 perperam,
484 853 522 910 nt
546 851 671 927 opinor,
699 851 870 925 hucusque
895 866 957 912 av.
971 853 1002 913 d.
1023 857 1075 912 est
1092 853 1271 928 explicata:
1295 853 1387 936 ,dyn-

161 962 234 1038 τής·
259 960 275 1023 ὁ
299 961 480 1040 ἱερωμένος’
505 961 619 1042 ἄτιμος.
643 962 675 1024 ἐν
699 960 732 1024 δὲ
753 969 816 1036 τοῖς
836 964 997 1043 Καρνείοις
1016 963 1032 1026 ὁ
1052 964 1213 1045 [temptator
1231 977 1284 1047 τῆς
1302 975 1387 1031 θεοῦ.

162 1072 216 1134 καὶ
238 1071 258 1153 ἡ
280 1073 368 1155 ἑορτὴ
392 1076 576 1157 Ἀγητόρια”.
608 1077 708 1139 (iuius
730 1078 860 1152 glossae
884 1076 1389 1158 ultimaverban.ril.1’4.viri

162 1188 251 1250 docti
273 1191 314 1251 ad
338 1206 442 1251 unum
466 1207 584 1253 omnes
607 1190 852 1252 transtulerunt
874 1193 915 1252 ad
938 1192 1100 1267 glossam:
1127 1191 1266 1273 ,ἀγήνωρ
1290 1193 1306 1256 ὁ
1329 1207 1388 1258 τῶν

164 1303 341 1381 Ἀφροδίτης
364 1308 492 1381 θυηλῶν
514 1301 683 1382 ἡγούμενος
705 1304 801 1383 ἱερεὺς
825 1304 857 1363 ἐν
883 1306 1034 1386 Κύπρῳ”;
1057 1323 1183 1369 necnon
1207 1315 1389 1385 sequuntur

163 1419 343 1478 Menrsium
386 1426 438 1496 τῆς
480 1423 557 1477 θεοῦ
591 1421 779 1480 mutantem
815 1421 848 1478 in
884 1428 937 1478 too
972 1425 1063 1490 θεοῦ;
1096 1426 1169 1482 tum
1203 1425 1387 1500 explicant:

164 1528 201 1607 ,i
226 1530 387 1607 ἰερωμένος
409 1540 463 1591 τοῦ
486 1536 564 1591 θεοῦ
587 1536 640 1592 est
662 1532 825 1607 Apollinis
847 1534 1036 1594 sacerdos.''

207 1648 251 1707 At
275 1661 350 1706 cum
374 1662 392 1706 e
415 1645 541 1706 scholio
564 1647 604 1706 ad
629 1646 764 1706 cneocr.
792 1646 826 1721 V,
852 1648 895 1708 83
920 1651 1075 1724 appareat
1098 1650 1275 1712 Dorienses
1298 1652 1387 1714 Pelo·

160 1776 347 1836 pounesum
377 1776 452 1821 esse
481 1761 651 1835 ingressos
680 1761 817 1821 ducibus
846 1760 1000 1835 Apolline
1031 1765 1065 1823 et
1094 1763 1171 1824 Iove
1199 1765 1389 1844 Ἀγήτορι,

160 1875 294 1950 iniuria,
316 1876 408 1949 puto,
429 1889 548 1935 nomen
569 1875 647 1935 festi
668 1875 816 1953 Ἀγηιόρια
833 1909 870 1918 -
885 1891 985 1950 quam
998 1874 1103 1953 ἑορτήν
1115 1877 1290 1940 Dorienses
1303 1881 1387 1941 coui-

161 1990 331 2064 ungebant
362 2006 436 2051 cnm
469 1988 603 2051 carneis
635 2023 675 2033 -
707 1990 777 2051 loco
800 2006 861 2050 suo
884 1993 1061 2052 moverunt
1084 1992 1239 2054 hodierni.
1263 1993 1386 2057 Deinde

159 2104 261 2164 velim
282 2104 463 2179 explicent,
483 2106 539 2177 qui
550 2104 706 2164 sacerdos
719 2104 828 2164 vocari
840 2105 944 2178 possit
957 2101 1060 2178 ἄτιμος
1077 2101 1110 2175 ¹).
1126 2106 1302 2168 Videamus
1314 2109 1387 2184 ipsi.

207 2217 288 2293 Quid
320 2218 372 2277 est
396 2216 565 2293 neonem?
588 2216 739 2292 Explicat
762 2217 869 2278 Schol.
895 2218 936 2278 ad
960 2218 1060 2279 Thuc.
1085 2219 1123 2295 V,
1151 2222 1186 2280 1:
1211 2195 1388 2299 iapdv'dvo-

161 2336 282 2394 κεῖσθαι
313 2341 352 2412 τῷ
383 2335 463 2411 θεῷ;
494 2331 582 2392 unde
612 2330 696 2391 effici
725 2331 804 2391 licet
831 2329 883 2391 τὸν
913 2329 1076 2410 ἱερωμένον
1106 2350 1181 2395 esse
1210 2334 1291 2413 ἱερὸν
1314 2334 1388 2397 ἀνά-

161 2450 248 2522 θημα
272 2453 326 2504 τοῦ
349 2449 440 2519 θεοῦ,
463 2444 555 2504 illum
581 2444 684 2518 igitur·
707 2445 801 2506 cuius
824 2446 895 2505 vita
917 2447 1048 2506 numini
1070 2447 1255 2511 habebatur
1279 2467 1389 2529 sacra,

162 2561 331 2620 hominem
364 2558 582 2635 piacularem,
613 2559 729 2632 quales
751 2559 888 2621 inerunt
911 2557 1068 2637 φαρμακοὶ
1091 2560 1124 2622 οἱ
1143 2560 1176 2622 ἐν
1202 2563 1391 2644 Θαργηλίοις.

163 2674 224 2735 Sed
255 2674 344 2734 idem
376 2676 428 2733 est
458 2670 577 2749 ἄτιμος,
607 2675 722 2748 utpote
745 2674 877 2735 crimini
903 2690 981 2735 vero
1005 2675 1058 2736 vel
1081 2674 1157 2737 ficto
1181 2677 1312 2739 cuidam
1338 2679 1390 2740 ob·

160 2789 292 2849 noxius.
329 2786 434 2862 Quare
465 2786 618 2862 suspicor
647 2787 757 2864 illum,
789 2790 844 2862 qui
874 2789 909 2849 in
933 2790 1102 2864 Agetoriis
1129 2791 1318 2853 sustinebat
1340 2801 1395 2852 τοῦ

155 2897 309 2964 Ἱππότου
338 2910 392 2961 τοῦ
420 2910 480 2960 τῶν
505 2897 647 2978 Δωριέων
669 2895 819 2980 ἡγεμόνος
841 2905 968 2979 partes,
993 2904 1048 2976 qui
1071 2904 1112 2965 ob
1137 2903 1234 2966 Carni
1258 2908 1391 2970 caedem

162 3015 264 3096 φυγὰς
294 3014 398 3092 ἄτιμος
428 3013 563 3093 ἐξηλάθη
590 3022 643 3092 τῆς
666 3015 779 3093 χώρας,
801 3031 821 3076 a
844 3016 1061 3077 Doriensibus
1083 3033 1164 3078 voce
1187 3019 1298 3079 dorica
1320 3035 1394 3080 esse

163 3131 366 3208 appellatum
381 3129 433 3192 τὸν
445 3129 559 3210 lynceo
571 3127 605 3199 D.
619 3129 759 3192 cuinam
769 3132 884 3190 autem
896 3130 1028 3190 numini
1039 3146 1133 3191 sacer
1153 3133 1249 3192 erat?
1270 3133 1392 3209 ,Nimi-

160 3260 235 3304 rum
256 3245 453 3321 Apollini1”,
474 3244 644 3306 exclamat
662 3244 839 3320 Meursius,
864 3243 1071 3319 ,scribamus
1090 3244 1193 3319 igitur
1212 3253 1265 3304 zoe
1285 3247 1395 3304 Drou’.

163 3358 313 3434 Speciem
337 3358 449 3434 habet,
473 3373 539 3419 non
563 3373 665 3433 nego;
690 3358 748 3418 sed
773 3373 848 3417 cum
873 3354 1085 3418 recordere&
1109 3355 1244 3436 Κάρνεια
1265 3359 1396 3434 proprie

162 3487 237 3533 esse
270 3472 386 3533 ludum
422 3481 481 3531 τῶν
514 3472 713 3550 reparatque
744 3476 842 3546 θεῶν,
873 3470 936 3530 sub
968 3470 1149 3544 plenilunio
1180 3474 1306 3548 actum,
1338 3472 1393 3532 ubi

163 3586 256 3646 Luna
285 3586 513 3661 resplendens,
546 3587 678 3646 cuinam
711 3584 886 3666 praecipue
915 3585 1059 3645 honores
1083 3584 1291 3661 deberentur,
1315 3585 1397 3646 nulli

164 3714 228 3758 non
260 3699 294 3758 in
325 3703 473 3760 mentem
501 3702 689 3775 revocaret,
714 3699 768 3758 ubi
793 3699 925 3774 Apollo,
950 3700 987 3759 ut
1009 3699 1055 3757 ita
1079 3698 1201 3772 dicam,
1226 3699 1395 3759 recederet

164 3812 197 3871 in
221 3812 389 3889 umbram,
415 3815 566 3887 equidem
591 3814 855 3874 coniecturarum
881 3814 915 3872 in
938 3812 1036 3873 rebus
1059 3815 1129 3872 tam
1150 3813 1274 3886 ignotis
1293 3815 1393 3885 etque

163 3928 312 3988 obscuris
353 3928 492 3990 minime
534 3927 805 4003 amantissimus,
849 3942 967 4001 rogare
1009 3926 1126 4001 velim,
1163 3941 1273 3988 annon
1309 3927 1394 3986 forte

163 4043 303 4119 populus
327 4043 455 4104 verbis:
481 4039 518 4118 ,d
540 4041 701 4117 ἱερωμένος
724 4051 776 4120 τῆς
798 4045 900 4102 θεοῡ”
922 4044 1056 4104 brevius
1075 4042 1269 4118 significarit
1290 4043 1391 4103 homi-

163 4172 253 4232 nem,
278 4158 333 4230 qui
356 4157 390 4216 in
414 4157 559 4218 Hecates
581 4153 859 4240 iootpflippotae
883 4158 985 4218 ferret
1007 4172 1183 4233 personam
1201 4152 1234 4227 ⁸).

195 4384 215 4445 ¹)
232 4386 392 4436 Oai-neotum
409 4391 533 4438 sacerdos
549 4392 577 4438 in
593 4392 661 4439 Inss.
679 4406 784 4451 semper
801 4391 935 4440 iudicatur
953 4393 1057 4440 nomine
1075 4396 1153 4457 ἱερούς.
1361 4434 1365 4440 .

197 4475 219 4542 ²)
236 4480 276 4528 Of.
302 4483 362 4535 Ζεὺς
387 4485 490 4547 Ἀγήτωρ
515 4483 638 4542 Spartae;
665 4483 766 4531 Usener
791 4484 838 4530 Bh.
864 4485 899 4531 II.
925 4484 988 4531 LIII
1012 4498 1036 4544 p.
1061 4485 1109 4530 359
1134 4496 1172 4543 sq.
1196 4483 1270 4531 Nunc
1288 4496 1393 4543 quoqne

163 4571 265 4619 Nilsson
286 4573 393 4630 „diesen
410 4576 506 4634 Agatur
523 4576 618 4623 dachis
635 4588 696 4622 man
714 4576 771 4622 sich
785 4576 845 4623 dem
860 4573 1055 4623 aussiehenden
1068 4574 1394 4623 Heerevoransohreitend

164 4663 211 4713 nie
229 4666 276 4713 der
292 4665 468 4714 Leithammel
486 4667 532 4714 der·
549 4668 665 4729 Herde”,
681 4681 724 4727 pg.
744 4669 800 4714 lae.
972 4715 973 4718 ,

197 4753 217 4816 ³)
235 4758 334 4806 Usener
351 4759 367 4804 l.
383 4759 403 4816 l,
422 4760 556 4818 cogitabat
571 4759 604 4806 de
621 4756 788 4819 Proserpina.
806 4759 920 4817 Nilsson,
937 4773 963 4819 p.
983 4754 1051 4806 121¹.
