3525 5692
383 724 425 781 38
895 731 936 774 ua
960 729 1070 774 uraca.

383 907 511 969 sedenti
541 906 627 966 scire
657 905 790 978 quidem
820 904 976 978 poterant
1006 901 1148 962 Ilienses
1172 916 1215 961 ex
1237 899 1354 976 Iliade,
1379 901 1528 960 attamen
1550 899 1614 960 hoc

382 1022 481 1083 modo
514 1020 616 1081 tacite
650 1017 888 1094 praetermisso
922 1016 963 1077 ad
998 1015 1268 1089 antiquissimum
1302 1014 1405 1074 ritum
1435 1013 1614 1074 redierunt.

382 1135 478 1196 Unde
511 1134 633 1194 iterum
668 1133 806 1207 apparet
834 1131 975 1191 Ilienses
1002 1143 1122 1190 versus
1151 1128 1227 1189 libri
1257 1127 1523 1202 Zinterpolatos
1544 1142 1612 1189 non

383 1248 583 1324 respexisse.

428 1362 492 1423 Sed
515 1361 555 1422 ad
579 1359 785 1436 propositum
809 1361 964 1419 nostrum
986 1358 1173 1419 redeamus.
1197 1356 1318 1418 Odium
1340 1356 1504 1431 divinum,
1528 1357 1614 1430 quod

384 1479 418 1538 in
448 1476 615 1551 Odysseae
645 1473 797 1550 partibus
820 1472 1064 1546 antiquioribus
1087 1471 1228 1547 perdidit
1250 1471 1401 1532 Achaeos
1424 1470 1615 1547 redeuntes,

383 1591 472 1652 lovis
492 1603 619 1663 quoque
639 1590 712 1649 erat
731 1587 855 1648 odium.
877 1587 998 1647 Fusius
1018 1586 1080 1647 hoc
1100 1586 1343 1647 demonstravit
1359 1600 1511 1658 novoque
1522 1599 1616 1659 argu-

384 1706 497 1765 mento
528 1717 691 1778 exponere
722 1702 862 1762 conatus
886 1703 940 1761 est
961 1699 1157 1776 prriorum
1182 1699 1370 1761 carminum
1393 1701 1500 1775 poeta.
1524 1699 1615 1775 Legi·

383 1832 460 1879 mus
502 1817 590 1877 enim
624 1818 659 1876 in
694 1814 891 1891 Cypriorum
924 1814 1112 1890 fragmento
1146 1814 1270 1889 primo:
1306 1809 1393 1884 [Διὸς
1427 1805 1455 1872 δ’
1476 1809 1615 1875 ἐτελείετο

383 1928 503 2011 βοολή]·
534 1926 608 2006 φασὶ
631 1926 688 2009 γὰρ
711 1926 766 2006 τὴν
789 1935 847 2008 γῆν
871 1923 1086 2008 βαρυνομένην
1109 1924 1162 1987 ὑπ’
1186 1923 1362 2005 ἀνθρώπων
1385 1926 1616 2006 πολννεληθίας,

383 2044 580 2124 μηδεμιᾶς
621 2041 851 2123 ἀνθρώπων
887 2039 1008 2121 οὔσης
1045 2039 1275 2120 εὐσεβείας,
1307 2039 1429 2119 αἰτῆσαι
1463 2039 1516 2102 τὸν
1550 2041 1612 2101 Δία

386 2162 599 2236 κουφιοθῆναι
621 2165 675 2218 τοῦ
698 2148 824 2236 ἄχθους.

427 2274 520 2334 Idem
543 2273 597 2334 hic
619 2273 755 2334 affertur
777 2272 1014 2347 argumentum
1039 2272 1138 2343 atque
1162 2270 1367 2346 repperimus
1388 2269 1422 2329 in
1442 2270 1614 2332 versibus:

828 2383 905 2457 Ζεὺς
928 2382 1041 2465 λυγρὸν
1064 2381 1111 2444 eo
1135 2381 1224 2464 φρεσὶ
1242 2378 1368 2461 ’μήδετο
1391 2381 1501 2444 νόστον

560 2493 724 2581 repperere,
747 2496 832 2560 ἐπεὶ
854 2496 899 2560 οὔ
922 2521 957 2559 τι
980 2497 1179 2578 νοήμονες
1202 2493 1297 2559 odii
1320 2497 1475 2558 δίκαιον

559 2612 703 2685 πάντες
727 2612 833 2691 ἕσαν,

383 2746 501 2805 nempe
520 2730 694 2790 hominum
714 2724 854 2807 ἀσέβειαν
875 2742 1010 2788 causam
1030 2728 1134 2788 luisse
1152 2730 1223 2788 tam
1243 2727 1333 2787 Iovis
1345 2725 1410 2787 odii
1422 2726 1457 2787 iu
1469 2726 1617 2787 Homero

383 2859 483 2918 quam
517 2843 606 2904 Iovis
641 2842 772 2903 consilii
805 2843 839 2902 in
870 2839 1000 2917 prriis
1032 2840 1223 2903 hominibus
1252 2841 1437 2917 perniciosi.
1469 2840 1619 2901 Observa

382 2960 521 3030 utroque
543 2958 616 3018 loco
639 2957 767 3017 tamin
791 2956 906 3017 Iliadis
929 2955 1026 3017 initio
1049 2971 1149 3029 quam
1172 2957 1206 3016 in
1225 2957 1414 3017 narratione
1433 2955 1472 3016 de
1490 2956 1614 3017 Achae·

380 3086 476 3132 orum
499 3071 606 3132 reditu
628 3070 756 3147 lovem,
781 3072 820 3130 ut
846 3070 997 3146 perderet
1030 3070 1186 3146 Graecos,
1218 3070 1303 3131 inter
1332 3070 1434 3131 duces
1465 3069 1614 3130 movisse
1735 3154 1736 3161 μ

382 3183 592 3246 discordiam.

426 3300 480 3358 Ira
509 3297 566 3358 illa
596 3298 686 3358 lovis
717 3298 893 3358 hominurn
924 3298 965 3359 ob
995 3298 1203 3374 impietatem
1226 3301 1319 3361 mota
1341 3301 1484 3375 posteris
1505 3300 1614 3376 poetis

383 3412 484 3487 epicis
507 3413 741 3488 argumentum
765 3411 898 3472 videtur
920 3411 1024 3473 fuisse
1047 3427 1208 3488 perquam
1231 3416 1392 3476 amatum.
1412 3414 1496 3474 Fata
1512 3414 1615 3489 igitur
1735 3404 1736 3409 ’

382 3526 521 3586 heroum
553 3539 595 3584 ex
625 3524 705 3585 Asia
736 3524 945 3585 redeuntium
978 3540 1053 3586 cum
1085 3525 1288 3588 carminibus
1318 3527 1477 3588 celebrari
1500 3529 1615 3603 coepta

383 3640 498 3699 essent
539 3640 573 3699 et
614 3638 725 3713 poetis
760 3639 967 3698 narrandum
1004 3641 1109 3717 esset,
1145 3640 1201 3700 ubi
1234 3641 1372 3702 tandem
1407 3641 1524 3717 ingens
1557 3640 1615 3702 ille

381 3767 540 3813 numerus
581 3752 779 3827 populorum
813 3752 900 3812 circa
934 3752 1065 3813 Troiam
1100 3754 1319 3828 pugnantium
1353 3755 1535 3816 mansisset
1569 3788 1609 3799 -

380 3881 459 3926 nam
479 3866 512 3926 in
533 3865 704 3926 Graeciam
723 3866 903 3927 revertisse
923 3882 980 3928 eos
1000 3867 1145 3942 negabat
1164 3867 1305 3929 historia
1326 3902 1385 3945 —,
1405 3871 1485 3929 tunc
1496 3869 1610 3944 poetae

381 3980 422 4040 ad
453 3981 689 4054 argumentum
721 3981 854 4056 saepius
881 3979 1059 4056 probatum
1084 3982 1303 4057 confugerunt
1326 3984 1479 4057 Iovisque
1501 3983 1612 4044 odium

381 4109 423 4153 ex
458 4093 631 4168 impietate
667 4093 862 4154 mortalium
898 4096 1016 4155 natum
1051 4111 1109 4170 pro
1144 4097 1295 4157 omnium
1328 4096 1483 4186 interitus
1513 4111 1613 4158 causa

380 4207 573 4267 attulerunt.
596 4207 709 4283 Neque
729 4208 828 4268 huius
848 4209 1033 4284 impietatis
1052 4209 1252 4271 documenta
1274 4211 1375 4271 nimie
1396 4210 1494 4285 longe
1517 4213 1613 4271 erant

381 4320 537 4394 petenda:
562 4302 639 4394 quid
663 4322 752 4382 enim
773 4323 881 4397 magis
902 4323 935 4383 in
954 4326 1124 4401 promptu,
1144 4339 1244 4397 quarn
1264 4324 1408 4386 victores
1426 4325 1525 4386 solita
1536 4328 1613 4401 post

378 4434 551 4495 victoriam
580 4438 809 4510 recuperatam
840 4437 968 4498 incuria
991 4437 1148 4498 instituta
1169 4437 1327 4513 religione
1349 4439 1480 4500 sacrata
1502 4439 1610 4514 negle·

380 4549 485 4625 xisse,
517 4564 628 4608 mores
659 4549 825 4611 maiorum
857 4566 975 4626 parurn
1000 4551 1207 4613 observasse.
1233 4553 1353 4614 Postea
1375 4568 1467 4630 vero,
1493 4568 1611 4613 cume

379 4663 511 4724 Perside
534 4663 646 4724 Aiacis
670 4666 825 4739 stuprum
849 4665 883 4725 in
908 4666 1056 4740 Odyssea
1080 4667 1230 4742 ignotum
1255 4668 1471 4744 innotuisset,
1495 4667 1610 4727 Miner·

380 4793 440 4843 vae
474 4777 586 4842 odium
621 4778 655 4846 iu
689 4778 839 4847 Achaeos
872 4780 1064 4861 redeuntes,
1100 4782 1186 4859 quod
1218 4782 1315 4857 iurata
1343 4780 1425 4853 illud
1455 4781 1546 4853 lovis¹
1575 4781 1610 4849 in
