3525 5692
676 712 718 756 nc
741 711 891 758 omnum
1195 667 1196 670 ‘
1332 694 1393 752 171

217 885 308 945 Haec
327 886 406 943 sunt
425 898 508 956 quae
527 883 568 943 de
588 881 717 942 umbris
737 889 888 943 veterum
901 881 1078 942 observare
1091 881 1201 942 velim.
1215 881 1396 941 Praebetne

171 998 312 1058 fortasse
334 997 412 1056 talis
435 996 573 1057 umbrae
595 995 776 1070 imaginem
798 1010 858 1056 vas
875 996 1001 1070 pictum
1022 996 1106 1070 quod
1126 1011 1146 1056 a
1166 996 1198 1057 S.
1217 995 1396 1056 Reinacbio

169 1113 214 1172 ita
231 1116 284 1172 est
302 1112 505 1187 descriptum
523 1105 561 1181 ¹):
585 1111 743 1186 ,Satyros
758 1112 991 1187 vendangeant
1003 1111 1187 1173 unetreille
1198 1111 1238 1170 de
1250 1109 1396 1184 vigne”?

171 1226 301 1285 Mensae
339 1225 467 1300 positae
500 1228 580 1286 suut
612 1225 674 1286 sub
709 1226 875 1301 pampinis
909 1226 986 1287 uvis
1019 1224 1281 1297 abundantibus;
1316 1223 1395 1283 dum

169 1339 287 1398 absunt
309 1338 474 1413 agricolae
496 1339 602 1413 satyri
620 1338 840 1400 ascenderunt
858 1340 892 1400 in
913 1354 1047 1400 mensas
1067 1339 1219 1412 vitesque
1237 1337 1396 1398 fructibus

170 1453 247 1512 sunt
270 1450 426 1513 orbaturi.

690 1645 880 1652 ———-

763 1902 802 1964 V.

209 2136 314 2212 Supra
346 2138 491 2199 vidimus
519 2140 552 2198 in
583 2139 719 2200 carneis
748 2139 1017 2217 σιαφυλοδρόμους
1049 2139 1102 2210 (ot.
1134 2136 1262 2215 -δρόμας
1290 2135 1392 2197 Oia.

172 2249 264 2325 1387,
292 2251 388 2320 1388)
411 2251 549 2312 iuvenes
571 2252 746 2328 pampinos
770 2252 925 2313 manibus
942 2253 1095 2312 tenentes
1114 2250 1266 2326 persequi
1278 2248 1395 2310 solitos

167 2361 269 2423 tuisse
291 2362 462 2426 hominem
485 2363 629 2442 στέμμασι
654 2365 895 2444 περιδεδεμένον,
915 2381 979 2440 quo
998 2368 1094 2442 capto
1113 2364 1238 2440 optima
1256 2361 1394 2436 quaevis

168 2477 239 2537 urbi
271 2479 529 2553 augurabantur.
560 2479 815 2558 Σταφυλοδρόμοι
846 2479 894 2540 illi
926 2513 966 2524 -
998 2493 1138 2552 quorum
1164 2491 1287 2537 nomen
1311 2475 1395 2536 satis

166 2604 327 2665 superque
356 2593 480 2654 indicat
510 2592 635 2654 carnea
656 2596 729 2654 tum
753 2595 902 2670 demum,
928 2608 1004 2654 cum
1027 2608 1046 2653 e
1069 2592 1138 2652 vita
1160 2589 1337 2666 pastoricia
1360 2588 1393 2647 in

167 2704 345 2766 vinitorum
368 2707 596 2784 transiissent,
620 2708 717 2768 novis
741 2709 793 2769 bis
811 2706 1020 2769 caerimoniis
1039 2707 1138 2765 aucta
1155 2719 1230 2765 esse
1244 2736 1283 2746 -
1298 2701 1395 2776 elige-

166 2816 284 2878 bantur
317 2835 336 2880 e
370 2819 590 2898 Carneatidis,
626 2837 766 2895 quorum
796 2822 861 2882 tuit
891 2820 1035 2883 officium
1069 2825 1106 2882 ut
1136 2819 1206 2889 τοὺς
1229 2814 1277 2877 ἐπὶ
1300 2815 1392 2896 τρύγῃ

162 2931 350 2995 incitarent.
375 2933 469 2996 Unde
491 2938 639 2997 statuere
657 2935 737 2997 licet
755 2951 847 3012 eum,
868 2952 966 3011 quem
985 2937 1202 3008 sectarentur,
1223 2929 1393 2992 bominem

166 3045 321 3107 nimirum
344 3048 503 3110 animalis
524 3049 645 3110 vellere
669 3050 836 3126 indutum,
861 3050 965 3111 tuisse
989 3050 1183 3111 daemonem
1209 3042 1394 3106 vindemiae

167 3160 345 3235 propitium
361 3155 396 3231 ἵ).
427 3158 512 3222 Nam
545 3165 662 3238 captus
685 3164 812 3238 optima
837 3165 974 3237 quaevis
996 3161 1240 3239 praesagiebat,
1267 3161 1396 3220 sivero

166 3273 369 3350 aufugiebat,
400 3275 528 3336 malum
561 3276 742 3337 habebatur
772 3293 880 3338 omen.
912 3277 1035 3338 Deinde
1062 3292 1136 3337 curn
1162 3291 1204 3336 ex
1228 3273 1394 3347 Hesycbio

167 3386 334 3447 discamus
374 3388 558 3464 Dionysum
598 3385 727 3466 Ἐρίφου
770 3392 965 3465 cognomine
1007 3391 1163 3451 adorasse
1196 3389 1343 3448 Lacones
1359 3380 1392 3461 ⁸),

166 3500 344 3562 verisimile
378 3502 507 3563 videtur
540 3503 722 3579 Dionysum
758 3504 958 3580 Haeduium,
993 3504 1044 3565 vei
1081 3503 1191 3578 potius
1225 3501 1394 3562 bominem

167 3613 221 3687 qui
239 3615 338 3676 buius
356 3616 409 3676 dei
426 3620 538 3690 partes
554 3617 685 3693 agebat,
697 3621 891 3693 persecutos
902 3632 976 3678 esse
988 3615 1059 3688 τοὺς
1072 3616 1343 3692 σιαφυλοόρόμους
1358 3610 1394 3683 ⁴).

166 3727 218 3788 Sic
241 3731 381 3802 quatuor
404 3729 567 3791 babemus
591 3731 728 3791 numina
750 3746 891 3805 quarum
917 3731 950 3790 in
974 3729 1110 3792 Garneis
1133 3730 1263 3804 aliquae
1283 3730 1395 3804 partes

167 3845 277 3902 erant:
309 3842 487 3920 Carneum,
519 3844 672 3922 Σελήνην,
694 3845 836 3904 Χθονίαν
860 3839 1065 3924 (diluam,
1087 3848 1172 3922 Γῆν),
1196 3844 1392 3917 Dionysum.

165 3955 292 4016 lindem-
317 3956 415 4017 modo
445 3957 570 4032 Phlyae
601 3959 634 4019 in
666 3960 762 4020 demo
792 3959 895 4019 attico
921 3961 1089 4021 coniuncti
1112 3962 1207 4020 erant
1230 3957 1395 4033 Διόνυσος,

167 4071 210 4146 Γῆ
240 4065 279 4146 ἣν
310 4072 461 4151 Μεγάλην
492 4070 570 4134 Θεὸν
600 4070 796 4152 ὀνομάζυυσι,
819 4073 954 4155 ’Ἄρτεμις
983 4075 1180 4152 Σελασφόρος
1194 4069 1227 4144 ⁵).
1252 4075 1393 4151 Quartus

83 4353 85 4361 ι
199 4324 219 4385 ¹)
236 4328 342 4388 Repert.
360 4331 384 4376 d.
404 4331 484 4378 Vases
502 4329 591 4390 points
609 4335 639 4380 Τ.
656 4334 683 4380 11
701 4346 726 4392 p.
746 4335 786 4380 Μ.

197 4415 219 4478 ²)
237 4421 275 4466 (if.
294 4421 401 4469 Nilsson
418 4437 441 4470 o.
459 4423 476 4470 1.
494 4438 555 4484 pag.
573 4425 620 4470 121
638 4438 677 4483 sq.

196 4506 218 4569 ³)
237 4511 275 4559 Of.
294 4515 434 4576 ιῖραφιώτης
449 4516 542 4574 Hymn.
560 4517 637 4566 Hom.
653 4518 696 4578 84,
714 4518 738 4563 Ἄ.

291 4608 438 4667 Ιρραφοώτας
456 4605 544 4654 Alcaei
559 4607 591 4654 fr.
610 4609 642 4654 90
660 4604 700 4654 B⁴.

194 4692 217 4754 ⁴)
233 4695 272 4742 Of.
291 4698 359 4743 Διόν.
377 4699 496 4756 Κναγούςς
512 4702 751 4762 ινάκιονετράγος,

197 4783 217 4847 ⁸)
234 4787 314 4834 Pane.
334 4787 355 4842 1,
372 4789 413 4846 at,
432 4791 455 4835 4.
