3525 5692
322 671 385 729 204
681 696 722 739 nn
745 693 964 739 auesurrours
987 692 1182 739 rnnueoum.

365 857 455 920 Duas
488 862 637 924 diversas
671 865 801 926 fabulas
835 865 889 926 hic
923 880 996 926 esse
1029 866 1236 942 coniunctas,
1272 883 1411 941 quarum
1444 867 1548 926 altera

319 971 426 1047 ipsam
462 975 727 1057 Thesprotidem
771 979 876 1040 altera
909 979 1020 1040 Ulixis
1054 983 1197 1041 mortem
1233 982 1414 1056 contineat,
1449 995 1547 1040 nemo

319 1086 467 1161 negabit
487 1089 638 1152 iunctura
661 1095 774 1153 autem
798 1093 945 1154 cernitur
969 1094 1173 1154 antefverba
1197 1093 1287 1166 αὐτὸς
1312 1089 1338 1152 δ’
1362 1093 1402 1165 εἰς
1419 1089 1547 1170 Ἰθάκην

319 1208 418 1265 nai.
449 1205 545 1265 Patet
575 1207 748 1280 antiquum
780 1208 904 1268 Musaei
935 1223 1084 1282 carmen,
1117 1209 1202 1282 quod
1233 1209 1439 1283 Eugammon
1463 1224 1548 1269 com·

225 1397 230 1408 .
319 1315 440 1389 piiasse
470 1320 523 1380 vel
553 1321 707 1381 imitatus
734 1337 809 1382 esse
832 1322 963 1396 dicitur,
989 1322 1130 1396 priorem
1155 1324 1253 1383 modo
1276 1322 1423 1383 fabulam
1448 1323 1548 1383 conti-

320 1431 446 1506 nuisse;
478 1434 578 1508 hanc,
610 1435 639 1494 si
669 1435 746 1508 quid
769 1435 879 1511 video,
904 1434 1093 1510 Cyrenaeus
1117 1439 1227 1511 poeta,
1252 1440 1289 1496 ut
1311 1437 1375 1496 fuit
1398 1439 1547 1496 veterum

319 1548 509 1619 poematum
540 1549 719 1621 consartor,
751 1551 825 1623 post
854 1548 965 1608 Ulixis
995 1549 1239 1622 expeditionem
1272 1552 1305 1609 in
1335 1549 1461 1610 Eiidem
1490 1550 1548 1609 sed

318 1662 396 1719 ante
415 1659 525 1719 herois
548 1664 689 1721 mortem
715 1662 889 1723 interiecit.
913 1661 1008 1722 Unde
1030 1663 1179 1735 sequitur
1202 1663 1397 1737 Telegoniae
1419 1666 1549 1738 partem

319 1771 533 1846 principalem
574 1790 653 1850 non,
689 1778 727 1835 ut
759 1776 893 1849 quidam
929 1778 1088 1851 putarunt
1105 1770 1126 1846 1)
1160 1776 1264 1836 luisse
1299 1776 1549 1853 Thesprotidem

319 1883 411 1945 iilam
431 1890 619 1962 surreptam
640 1892 739 1962 atque
758 1889 981 1962 interiectam,
1003 1890 1059 1950 sed
1080 1892 1117 1949 ut
1136 1890 1244 1965 ipsum
1258 1905 1379 1951 nomen
1392 1891 1551 1952 carminis

320 1997 457 2074 indicat,
487 2000 590 2062 Uitula
611 2006 740 2062 mortem
764 2019 785 2063 a
812 1998 960 2077 Teiepono
980 2004 1042 2078 silio
1065 2004 1197 2065 dictam.

363 2113 585 2191 Eugammon,
611 2119 648 2176 ut
667 2133 767 2193 supra
786 2118 944 2194 vidimus,
967 2121 1202 2193 argumentum
1222 2119 1353 2179 itineris
1371 2120 1405 2180 in
1421 2119 1547 2180 Eiidem

320 2241 386 2286 non
417 2227 455 2287 de
486 2243 547 2289 suo
579 2231 797 2305 excogitavit,
826 2233 886 2292 sed
909 2232 1045 2293 Homeri
1068 2232 1188 2293 indicia
1211 2235 1262 2294 est
1286 2236 1420 2294 secutus
1443 2249 1549 2307 neque

320 2355 462 2414 usquam
486 2357 506 2402 a
529 2342 611 2404 duce
635 2359 696 2404 suo
715 2344 863 2421 deflexit,
886 2345 950 2404 nisi
969 2346 1054 2418 quod
1075 2347 1200 2420 Augias
1220 2347 1395 2407 historiam
1415 2347 1549 2408 addidit.

323 2453 418 2514 Hanc
436 2456 599 2517 rationem
619 2458 717 2518 anxie
737 2459 949 2519 observatam
970 2463 1050 2520 tunc
1065 2475 1192 2533 quoque
1204 2461 1353 2521 adhibuit
1363 2477 1438 2522 cum
1451 2461 1549 2522 Thes·

324 2569 487 2644 protidem
518 2571 725 2646 interponere
756 2570 866 2632 vellet.
899 2573 1065 2634 Homerus
1093 2574 1182 2632 enim
1206 2575 1312 2650 pergit
1336 2579 1351 2633 λ
1378 2577 1439 2636 135
1463 2591 1550 2650 sqqa

769 2685 907 2757 θάνατος
931 2684 963 2745 δέ
985 2707 1030 2745 τοι
1053 2684 1083 2758 ἐξ
1107 2683 1177 2758 ἁλὸς
1201 2685 1281 2771 αὐτῷ

523 2795 673 2878 ἀβληχρὸς
696 2801 775 2875 μάλα
797 2805 877 2872 τοῖος
901 2797 1063 2877 ἐλεύσεται,
1085 2797 1118 2871 ὅς
1141 2799 1174 2860 κέ
1196 2817 1228 2861 σε
1250 2797 1352 2884 πέφνῃ

525 2907 630 2992 γήρα’
655 2898 730 2972 ὑπὸ
753 2917 903 2996 λιπαρῷ
928 2911 1144 2990 ἀρημένον,

324 3026 345 3086 i.
371 3042 413 3087 e.:
442 3028 575 3088 homine
597 3028 655 3089 illo
678 3031 828 3106 invento,
853 3030 1021 3104 sacrisque
1045 3031 1198 3091 omnibus
1222 3030 1291 3090 deis
1314 3029 1434 3089 oblatis
1460 3045 1553 3091 mors

321 3140 383 3199 tibi
412 3143 581 3215 continget
602 3147 751 3204 scnemata
773 3145 913 3220 consecto.
940 3145 1055 3204 Ulixes
1082 3147 1194 3204 autem
1220 3159 1262 3203 ex
1286 3143 1377 3204 Elide
1399 3144 1550 3204 Ithacam

323 3269 478 3316 reversus
500 3272 707 3331 nequaquam
731 3275 825 3319 senaa
848 3259 969 3319 nedum
993 3273 1088 3320 ccccc:
1110 3260 1262 3334 confectus
1287 3258 1394 3318 vocari
1413 3258 1553 3332 poterat.

325 3367 423 3428 Hoace
443 3369 541 3444 ipuar
564 3388 665 3433 anuos
686 3374 708 3433 i.
733 3389 761 3434 e.
792 3373 935 3448 spatium
967 3373 1125 3447 temporis
1155 3373 1242 3432 inter
1272 3372 1442 3431 hominem
1473 3369 1553 3429 ἀθα-

324 3482 480 3544 λάννεννον
509 3486 684 3547 inventum
717 3491 750 3548 et
780 3487 891 3547 Ulixis
921 3489 1079 3562 mortem,
1108 3487 1313 3561 Eugammon
1336 3486 1552 3560 Thesprotide

325 3598 482 3674 explevit.

370 3713 434 3773 Ubi
467 3715 568 3788 igitur
602 3716 719 3776 Ulixes
754 3717 925 3777 hominem
960 3716 1054 3776 illum
1090 3715 1263 3776 secuudum
1299 3714 1553 3789 accommodem

327 3827 474 3888 invenit?
509 3829 546 3888 In
580 3829 685 3902 Elide,
717 3834 753 3890 ut
784 3829 895 3904 quivis
919 3830 1019 3890 videt.
1045 3829 1135 3904 Quod
1160 3831 1193 3889 et
1216 3829 1277 3889 hcc
1300 3829 1398 3889 modo
1422 3829 1552 3889 demon·

327 3940 427 4002 strari
460 3945 582 4018 potest:
617 3943 727 4003 iocum
762 3944 838 4003 huic
869 3943 1016 4018 episcdio
1047 3942 1225 4019 praebebat
1251 3942 1302 4001 vel
1327 3942 1401 4016 duis
1424 3942 1554 4002 itineris

326 4055 361 4114 in
395 4056 522 4116 Eiidem
554 4057 606 4116 vei
634 4057 707 4130 pinis
738 4057 957 4130 expeditionis
988 4057 1021 4115 in
1052 4055 1197 4130 Epirum.
1229 4055 1323 4115 Initio
1354 4069 1431 4114 vero
1455 4056 1553 4115 huius

326 4169 546 4249 expeditionis
580 4173 695 4245 aptum
731 4185 795 4231 nou
829 4173 914 4244 erat,
943 4185 1022 4230 nam
1052 4170 1185 4229 homine
1216 4169 1271 4229 ilic
1303 4169 1438 4229 invento
1461 4168 1553 4228 Ulixi

326 4284 432 4343 statim
462 4285 613 4344 Ithacam
646 4287 717 4345 erat
746 4285 966 4358 redeundum,
999 4286 1035 4343 ut
1058 4281 1259 4344 sacrificaret
1282 4283 1436 4343 omnibus
1459 4283 1551 4342 coeli·

329 4397 425 4471 colis3
445 4398 618 4472 permultos
641 4401 755 4458 autem
780 4413 899 4471 annua,
925 4400 962 4456 ut
986 4397 1122 4457 Procius
1146 4401 1272 4470 narrat,
1297 4398 1330 4457 in
1350 4396 1445 4471 Epiro
1465 4396 1553 4470 degit

328 4516 436 4574 heros.
467 4511 581 4571 Finiat
603 4514 714 4573 autem
738 4511 869 4572 itineris
892 4511 1046 4587 Epirotici
1069 4513 1140 4571 erat
1163 4511 1298 4584 aptum?
1322 4509 1385 4570 Sed
1408 4523 1513 4583 neque
1536 4524 1553 4567 e

364 4767 381 4829 ιλ
400 4771 516 4819 Weloirer
532 4771 580 4831 Ep.
598 4770 712 4829 Uyol.11
729 4771 787 4817 802.
