3525 5692
338 707 378 766 12
858 722 901 768 ou
923 722 1033 769 ernon.

334 909 441 969 neque
464 894 574 971 hasta,
599 910 704 969 neque
727 895 845 972 lapide,
864 911 971 970 neque
988 895 1109 973 gladio,
1130 896 1236 957 ullum
1256 897 1411 970 quamvis
1429 895 1557 957 levissi-

333 1024 427 1069 mum
451 1008 570 1084 accipit
592 1009 727 1084 vulnus,
749 1023 825 1069 curn
844 1009 968 1070 Hector
987 1010 1058 1070 tarn
1079 1023 1158 1071 ense
1171 1024 1268 1082 quarn
1282 1009 1388 1084 gladio
1401 1009 1559 1072 laedatur.

377 1121 468 1182 Haec
498 1122 537 1182 de
568 1122 681 1184 Aiacis
703 1117 849 1204 ἀτρωσίμ,
874 1120 993 1196 quibus
1019 1136 1123 1182 unum
1148 1123 1333 1183 addendum
1358 1125 1420 1184 est.
1444 1123 1559 1184 Obser-

332 1238 455 1296 varnnt
485 1252 515 1298 v.
540 1237 570 1297 d.
594 1236 714 1312 pellem
738 1237 907 1302 leoninam
929 1236 1083 1300 Herculis
1105 1236 1139 1298 in
1162 1237 1377 1314 imaginibus,
1401 1238 1560 1311 quotquot

332 1348 464 1410 saeculo
486 1349 630 1424 septr‘mo
654 1352 733 1414 aunt
755 1349 961 1427 tribuendae,
986 1365 1122 1426 prorsus
1146 1351 1274 1427 deesse,
1300 1351 1417 1412 adesse
1437 1351 1559 1412 veroin

332 1461 403 1523 illis
437 1463 562 1527 saeculi
597 1464 695 1525 sexti.
731 1462 914 1526 Confirmat
944 1463 1061 1526 Strabo
1092 1464 1164 1534 (XV
1194 1480 1225 1541 p.
1257 1465 1351 1536 688);
1382 1462 1432 1524 καὶ
1463 1459 1559 1541 icoo

327 1569 513 1654 Ἡρακλέους
537 1573 571 1636 δὲ
595 1575 684 1655 στολὴ
708 1577 785 1640 πολὺ
809 1575 938 1658 νεωτέρα
959 1586 1012 1656 τῆς
1038 1582 1173 1658 Τρωικῆς
1197 1578 1318 1657 μνήμης
1341 1576 1416 1656 ἐστί,
1437 1577 1558 1655 πλάσμα

333 1698 392 1750 τῶν
423 1688 479 1768 τήν
503 1684 685 1770 Ἡράκλειον
714 1692 920 1771 herpruviae,
949 1691 1006 1754 εἴτε
1036 1692 1226 1771 Πείσανδρος
1253 1683 1292 1771 ἦν
1316 1691 1372 1752 εἴτε
1394 1688 1483 1763 ἄλλος
1505 1708 1557 1767 τις·

333 1801 369 1862 τὰ
392 1801 425 1863 δὲ
448 1801 556 1882 ἀρχαῖα
579 1804 673 1877 ξόανα
697 1806 751 1885 οὐχ
775 1805 853 1866 οὕτω
876 1805 1090 1867 διεσκεύασται.

377 1917 573 1981 Pisandrum
607 1919 849 1996 Camirensam,
882 1921 935 1982 vel
959 1923 1070 1998 potius
1093 1936 1212 1997 poema
1235 1921 1319 1994 quod
1344 1920 1420 2004 huic
1443 1921 1560 1995 poetae

333 2031 433 2092 tribui
462 2034 563 2111 solet,
587 2035 813 2098 Wilamowitz
837 2036 878 2097 ad
900 2038 1033 2097 sextum
1058 2036 1229 2098 saeculum
1254 2034 1435 2096 revocavit.
1459 2033 1560 2097 flexio

331 2146 432 2221 igitur
473 2150 604 2211 saeculo
640 2150 792 2212 Herculis
825 2149 935 2211 rerum
972 2153 1143 2225 gestarum
1178 2152 1295 2225 poetae
1329 2147 1561 2222 excogitarunt

331 2259 503 2339 tabellam,
535 2279 635 2338 quam
659 2265 802 2339 legimus
824 2267 911 2341 apud
939 2265 1117 2327 Pindarum
1141 2266 1180 2326 de
1203 2263 1346 2325 Hercule
1369 2260 1559 2323 Telamonis

332 2373 475 2449 hospite,
501 2375 541 2436 de
564 2375 669 2437 leonis
693 2378 838 2456 exuviis,
862 2379 903 2439 de
926 2379 1035 2441 herois
1058 2378 1098 2439 ad
1123 2378 1235 2438 Iovem
1257 2376 1419 2452 precibus.
1439 2374 1558 2452 Quinto

334 2501 410 2547 vero
450 2489 602 2564 saeculo,
638 2491 802 2563 quomodo
836 2493 954 2566 poetae
983 2492 1069 2552 hanc
1091 2490 1239 2552 tabulam
1262 2489 1438 2565 mutarint,
1463 2487 1559 2547 docet

333 2599 529 2678 Panyassis,
570 2618 667 2677 quem
702 2603 927 2666 Wilamowita
959 2606 1000 2665 ad
1032 2605 1187 2678 quintum
1222 2604 1393 2666 saeculum
1427 2600 1558 2662 rettulit

333 2713 507 2783 (Herakles
537 2717 552 2775 Ι
583 2731 613 2790 ρ.
649 2717 717 2793 66),
750 2717 828 2778 licet
858 2718 975 2778 suidas
1006 2717 1114 2778 medio
1145 2719 1287 2792 septimo
1318 2716 1449 2777 saeculo
1478 2728 1554 2774 eum

333 2827 460 2889 vixisse
482 2831 624 2905 putaret.
649 2830 872 2908 Stesichorus,
898 2831 927 2892 si
945 2832 1100 2892 audimus
1119 2832 1327 2893 Athenaeum
1349 2829 1466 2904 (Xle.
1480 2828 1557 2898 618)

333 2942 461 3017 primus
483 2941 580 3005 finxit
603 2944 781 3006 Herculem
805 2944 897 3017 ξύλον
920 2942 1025 3023 ἔχοντα
1049 2943 1099 3004 καὶ
1121 2951 1245 3024 λεοντῆν
1267 2943 1319 3004 καὶ
1338 2944 1423 3020 τόξα,
1442 2943 1504 3003 hac
1522 2941 1557 3002 in

332 3069 367 3116 re
397 3056 569 3118 Xanthum
600 3055 653 3117 τὸν
682 3058 846 3136 μελοποιόν
877 3075 944 3120 non
975 3062 1125 3136 secutus,
1158 3061 1214 3135 qui
1244 3056 1396 3138 ὁμηρικῶς
1420 3059 1555 3120 heroem

332 3170 492 3232 amictum
516 3172 619 3233 fuisse
642 3171 796 3248 lingebat.
821 3174 1019 3235 imitabatur
1044 3175 1145 3250 igitur
1167 3174 1325 3236 Xanthus
1347 3179 1362 3233 t
1382 3175 1448 3234 606
1467 3186 1556 3246 squ:

865 3282 882 3347 ὃ
906 3282 936 3348 δ’
962 3286 1072 3372 ἐρεμνῇ
1094 3286 1181 3348 νυκτὶ
1202 3286 1353 3360 ,Ῥεέοινὼς

553 3398 672 3478 γυμνὸν
694 3400 783 3474 τόξον
805 3400 870 3482 ἔχον
893 3401 944 3462 καὶ
967 3400 1016 3463 ἐπὶ
1038 3411 1189 3484 νευρῆφιν
1211 3399 1322 3482 ὀιστὸν,

555 3513 680 3577 δὶεινόν
703 3517 893 3595 παπταίνων,
915 3515 974 3577 αἰεὶ
999 3515 1136 3595 βαλέοντι
1158 3517 1318 3589 ἱεέοικώς.

378 3626 441 3688 Sed
484 3631 518 3689 et
559 3629 641 3690 haec
682 3631 892 3694 Stesichorus
932 3633 1148 3711 παρεποίησεν,
1181 3634 1270 3694 sexti
1303 3633 1428 3694 saeculi
1461 3633 1558 3708 poeta

333 3740 510 3802 Locrorum
553 3744 846 3821 Epizephyriorum
885 3748 1093 3808 notissimus
1126 3746 1240 3807 Denuo
1274 3747 1375 3822 igitur
1410 3747 1559 3822 apparet,

333 3855 472 3915 minime
506 3871 526 3916 a
561 3873 639 3918 vero
674 3858 838 3936 aberrare,
875 3862 930 3933 qui
965 3863 1093 3921 statuat
1125 3864 1222 3921 sexto
1255 3862 1392 3921 demum
1426 3859 1558 3930 saeculo

332 3975 448 4033 natam
471 3988 545 4034 esse
568 3973 714 4036 fabulam
738 3975 778 4036 de
801 3975 944 4036 Hercule
967 3974 1157 4035 Telamonis
1181 3977 1214 4036 in
1238 3975 1314 4035 aula
1334 3976 1482 4050 excepto,
1503 3971 1559 4033 ubi

331 4087 424 4147 Aiaci
446 4087 550 4149 talem
573 4085 723 4164 ἀτρωσιάν
747 4104 767 4149 a
788 4089 866 4149 Iove
885 4089 1126 4164 deprecaretur,
1147 4089 1279 4162 qualem
1300 4088 1365 4148 sibi
1384 4087 1557 4163 praeberet

331 4203 436 4278 λεοντῆ
460 4217 530 4262 sua.
555 4202 624 4263 Hoc
648 4202 736 4263 enim
761 4203 945 4277 episodium
967 4204 1150 4278 excogitari
1170 4219 1234 4264 non
1254 4204 1362 4279 potuit
1380 4205 1556 4275 antequam

332 4314 491 4376 Hercules
513 4319 620 4399 λεοντῇ
644 4317 786 4377 amictus
809 4317 843 4376 in
866 4317 1036 4377 notionem
1060 4316 1195 4378 abiisset
1221 4318 1403 4393 vulgarem.

851 4645 1035 4653 ...κ-*-
