3525 5692
691 731 734 778 ar
756 732 867 779 mor.
1347 711 1387 770 71

163 905 251 965 sieut
273 903 386 965 Aiacis
408 901 497 964 fliius
520 902 560 965 ob
584 903 672 964 idem
694 905 827 965 sontum
851 901 1063 979 septemplex
1085 902 1269 976 Eurysaoes
1288 897 1391 976 appel·

163 1017 256 1078 latus
279 1015 419 1078 videtur.

208 1129 268 1190 list
301 1144 419 1190 revera
451 1128 637 1203 Eurysaoes
668 1129 925 1205 ‚Breitsehild”;
955 1129 1040 1190 latet
1068 1127 1212 1190 nominis
1243 1125 1333 1200 origo
1355 1124 1389 1184 in

165 1247 198 1302 A
221 1243 287 1304 526
309 1258 376 1317 sq,:

301 1354 380 1427 Αίας
403 1351 436 1416 όέ
458 1352 574 1416 κλονέει
600 1355 799 1434 Τελαμώνιος·
824 1346 858 1415 εύ
881 1352 915 1415 όέ
937 1377 990 1434 μιν
1013 1353 1119 1435 ἔγνων·

301 1469 374 1548 εὐρύ
404 1467 461 1550 γὰρ
491 1463 565 1547 ἀμφ’
599 1467 725 1546 ὤμοισιν
751 1466 809 1548 ἔχει
832 1465 930 1548 γέρας.
954 1468 1012 1540 (cf.
1038 1472 1063 1528 P
1085 1468 1166 1544 1323
1189 1467 1326 1544 Doliche,
1352 1468 1391 1528 de

344 1583 496 1645 Hectoris
519 1586 554 1644 et
575 1583 688 1645 Aiacis
711 1583 896 1645 certamine
918 1582 1091 1660 singulari,
1116 1599 1146 1658 p.
1170 1582 1235 1653 48).

211 1698 431 1774 inspiciamus
453 1711 583 1771 quoque
606 1699 641 1755 H
661 1697 726 1757 219
750 1712 838 1771 squ:

299 1810 377 1883 Αἴας
401 1805 431 1870 d’
457 1808 589 1891 ἐγγύθεν
612 1801 690 1889 ἦλθε
712 1808 816 1890 φέρων
838 1808 931 1883 σόκος
954 1797 1026 1889 ἠύτε
1048 1810 1165 1891 πύργον

299 1923 425 2002 χύλκιον
447 1919 638 2002 ἑπταβόειον,
660 1921 677 1983 ό
699 1923 753 1984 for
777 1921 885 2003 Τνχίος
903 1917 992 2001 ’κύμε
1013 1922 1126 2003 τεύχων

299 2035 492 2114 σκυτοτόμων
516 2031 555 2115 ὄχ’
581 2032 805 2120 ἄριστος,”1’λη
828 2034 875 2097 ἔνι
896 2035 1002 2097 όοικία
1025 2037 1130 2097 ναίων

301 2149 334 2223 ύς
355 2152 409 2211 fot
432 2148 573 2228 ἐποίησιν
594 2150 688 2222 σάκος
710 2149 816 2211 αίόλον
838 2147 1017 2229 ἑπταβόειον
1101 2114 1125 2158 ·

301 2265 421 2345 ταύρων
445 2260 628 2344 ζατρεφέων,
652 2260 701 2323 έπλ
724 2257 753 2323 δ’
780 2259 892 2343 όγόοον
914 2260 1008 2344 ἤλασε
1030 2265 1150 2344 χαλκόν.

301 2376 333 2440 τό
356 2378 474 2457 πρόσθε
496 2374 629 2456 στέρνοιο
653 2374 756 2457 φέρων
781 2377 971 2456 Τελαμώνιος
994 2377 1071 2451 Αἴας
1095 2382 1159 2440 etc.

212 2495 350 2556 scutum
393 2493 580 2554 coniectum
622 2507 697 2553 esse
731 2494 868 2568 apparet
901 2506 921 2552 e
954 2495 1084 2567 septem
1119 2493 1216 2554 coriis
1251 2491 1394 2569 bovinis,

166 2608 285 2683 quibus
304 2609 462 2669 octavum
481 2608 640 2681 tegumen
660 2621 799 2667 aeneum
819 2610 891 2666 erat
907 2605 1114 2680 impositum.
1127 2605 1299 2668 credimus
1311 2606 1397 2666 hano

167 2722 279 2798 potius
308 2721 349 2783 ob
380 2735 518 2782 oausam
548 2753 592 2764 -
622 2735 741 2797 nempe
773 2719 814 2781 ob
841 2720 1008 2781 coriorum
1032 2735 1210 2781 numerum
1234 2720 1395 2782 maiorem

161 2836 259 2897 solito
269 2867 310 2882 -·
323 2850 424 2910 quam
443 2835 484 2897 ob
504 2835 721 2896 altitudinem
739 2835 791 2895 vel
811 2834 852 2895 ob
865 2834 1076 2897 latitudinem
1090 2832 1122 2894 τὸ
1135 2833 1226 2906 σάκος
1240 2837 1394 2896 vocatum

164 2949 270 3010 luisse
297 2947 417 3028 πύργοι
444 2947 630 3023 (bolwerlr);
654 2949 728 3024 ipsa
750 2949 840 3010 enim
863 2952 1035 3011 structura
1057 2949 1156 3010 solito
1179 2947 1304 3010 firmior
1326 2963 1396 3009 ma·

164 3063 271 3124 iorem
293 3063 509 3137 promittebat
531 3062 687 3126 salutem.
717 3064 801 3123 Nam
825 3063 910 3138 quod
933 3063 973 3124 ad
993 3063 1175 3138 imaginem
1197 3062 1332 3139 attinet,
1354 3078 1396 3123 ex

167 3176 278 3252 Iturip.
302 3177 373 3238 Alc.
397 3178 479 3238 312:

303 3295 373 3364 παῖς
396 3287 493 3369 ύρσην
516 3286 613 3371 πατέρ’
639 3288 698 3370 ἔχει
720 3291 838 3372 πύργον
860 3288 956 3371 μέγαν

167 3406 307 3480 apparet
348 3420 428 3466 voce
467 3404 587 3483 πύργου
625 3403 864 3466 firmitudinem
905 3405 1014 3480 magis
1048 3420 1148 3479 quam
1183 3405 1396 3466 altitudinem

166 3517 315 3579 indicari.
341 3519 432 3596 Quod
457 3520 492 3579 et
512 3518 679 3580 Homerus
703 3516 893 3594 confirmat,
918 3532 998 3579 nam
1023 3517 1222 3580 Graecorum
1247 3519 1396 3579 ordinem

167 3629 252 3693 bene
273 3632 460 3694 confertum
483 3631 601 3711 πύργον
625 3633 724 3693 vocat
747 3647 775 3694 e.
799 3647 829 3707 ς.
854 3633 883 3690 Δ
906 3632 988 3692 334:

748 3745 780 3804 οἳ
800 3739 834 3806 ti
855 3740 1009 3824 μένοντες,

301 3855 446 3937 ἕστασαν,
467 3858 580 3921 όπποτι
602 3860 719 3940 πύργος
743 3863 868 3939 Ἀχαιῶν
891 3856 980 3932 ύλλος
1003 3856 1142 3920 ἐπελθὼν

307 3972 418 4052 Τρύων
441 3970 581 4054 όρμήσιιι
602 3971 653 4034 καλ
676 3971 799 4052 ἄρξειαν
820 3970 964 4051 πολέμοιο

169 4090 205 4148 et
227 4089 256 4146 A
278 4089 361 4149 347:

635 4198 688 4260 καί
710 4199 738 4262 εί
760 4197 833 4261 δέκα
855 4200 968 4281 πύργοι
996 4205 1114 4281 Ἀχαιῶν

304 4312 418 4391 ὑμείων
440 4315 634 4395 προπάροιθε
656 4313 801 4395 μαχοίατο
825 4312 910 4393 νηλέι
932 4318 1039 4399 χαλκῷ.

171 4427 226 4488 Sto
259 4428 316 4504 qui
351 4431 392 4488 M
411 4430 454 4492 43
488 4426 649 4509 πυργηδὸν
680 4424 776 4507 σφέας
805 4426 918 4499 αὐτοὺς
948 4425 1128 4506 ἀρτύνουσι,
1157 4429 1403 4490 confertissima

168 4541 240 4602 acie
264 4544 444 4619 expectant
462 4543 605 4607 hostem.
625 4543 711 4606 Aiax
731 4543 844 4619 igitur,
865 4543 921 4618 qui
941 4542 1082 4604 eandem
1102 4542 1143 4604 ob
1163 4543 1402 4619 praestantiam

166 4658 306 4718 vocatur
339 4652 425 4735 ἕρκος
462 4660 585 4736 Ἀχαιῶν
615 4661 652 4728 (Z
664 4659 707 4734 ὅ),
739 4657 851 4732 potius
885 4657 925 4718 ob
958 4672 1076 4735 corpus
1105 4657 1279 4719 robustum
1302 4671 1402 4731 quam

164 4771 242 4846 quia
265 4771 372 4849 eapite
395 4785 498 4847 supra
520 4773 650 4833 eeteros
674 4770 844 4832 eminebat
862 4770 978 4852 πύργος
1004 4772 1115 4834 vocari
1139 4775 1280 4848 poterat.
1361 4818 1362 4821 ,
