3525 5692
670 753 711 797 DE
734 755 844 799 AIAGE.

494 1169 591 1235 XIV.
616 1169 668 1234 lle
691 1167 797 1235 Aiace
822 1167 914 1235 Oilei
936 1169 1022 1235 filio.

189 1384 297 1447 Schol.
327 1383 453 1447 Townl.
483 1384 524 1444 ad
550 1384 662 1444 0333
686 1383 856 1445 observat:
892 1381 963 1460 „etv
986 1377 1082 1443 Ὀιλέοι
1107 1382 1277 1461 Ζηνόδοτος
1300 1379 1368 1442 ἑπό-

142 1491 385 1582 μενοςἮσιόδῳ
407 1493 459 1556 ani
485 1496 660 1582 Στησιχόρῳ
684 1497 733 1568 (fr.
759 1498 801 1558 84
814 1498 850 1569 B)
874 1494 962 1576 χωρὶς
985 1504 1039 1557 τοῦ
1063 1518 1079 1557 ο
1104 1492 1243 1574 ὀνομάζει
1260 1491 1369 1556 Ἰλέα”.

188 1611 325 1674 Proclus
347 1613 381 1671 in
405 1610 673 1672 chrosromatnia
696 1611 793 1673 habet
816 1611 894 1683 Αἴας
919 1605 1058 1682 όἸλέος.

190 1725 291 1797 [Eun]
315 1725 415 1786 Rhea.
439 1740 489 1786 vs,
516 1726 597 1786 175:
622 1722 659 1784 οὐ
684 1722 744 1801 μὴν
767 1723 819 1784 τὸν
840 1719 937 1798 Ἰλέως
960 1725 1057 1785 παῖδά
1077 1719 1103 1803 Ιμ’
1126 1722 1236 1798 ἐξαιτεῖ
1250 1726 1370 1805 λαβεῖν;

188 1839 323 1901 Hesiod.
356 1839 395 1900 fr.
422 1841 485 1900 116
516 1839 645 1899 Rzach:
677 1832 755 1898 Ἰλέα
788 1837 841 1898 τὸν
872 1833 900 1918 ῤ’
937 1827 1059 1916 έφόλνησε
1081 1837 1183 1911 όόναξ
1207 1837 1281 1910 Διὸς
1304 1837 1370 1911 υἱός

144 1951 302 2012 Ἀπόλλων.

188 2067 299 2128 Rzach
329 2069 438 2127 cetera
468 2066 580 2127 omnia
609 2065 741 2141 collegit
770 2066 967 2128 testimonia
997 2067 1141 2128 nominis
1163 2066 1289 2128 formae
1312 2067 1370 2128 ilei

141 2196 201 2256 pro
221 2181 303 2242 Oilei
321 2181 387 2241 illa.
408 2181 432 2240 Ε
445 2180 564 2255 quihus
575 2181 629 2241 hic
641 2181 739 2242 modo
752 2180 909 2242 afferatur
920 2181 1080 2255 Lycophr.
1093 2181 1188 2242 Alex.
1202 2196 1252 2242 vs.
1269 2182 1368 2242 1150:

332 2292 383 2354 καὶ
405 2303 464 2367 πᾶς
481 2289 684 2367 ‘certaturae
704 2289 801 2367 Ἰλέως
826 2293 927 2371 δόμος·
1450 2363 1453 2370 ‚

185 2409 284 2469 Pater
314 2408 397 2470 Oilei
428 2408 494 2486 vel,
519 2411 556 2470 ut
580 2410 633 2471 hic
655 2409 819 2486 scribitur,
843 2408 904 2470 Ilei
925 2411 999 2470 erat
1021 2403 1246 2484 Hodoidolros,
1273 2424 1370 2484 quem
1408 2425 1434 2454 ν’

142 2522 412 2596 Argonautarum
436 2521 614 2597 catalogus
637 2523 789 2584 nominat
810 2522 985 2584 Leodolron
1004 2522 1100 2597 (Hyg.
1122 2517 1161 2585 fr.
1178 2523 1241 2594 14).
1262 2523 1371 2583 Monet

144 2636 207 2696 hoo
230 2650 350 2697 nomen
373 2636 413 2698 de
435 2637 544 2711 Axylo
568 2637 620 2697 vel
644 2637 766 2712 Oxylo,
791 2637 861 2710 qui:

323 2747 438 2822 πάντας
462 2746 615 2826 φιλέεσκεν
639 2746 713 2833 orto]
737 2747 800 2808 ἔπι
822 2749 963 2809 ferula
986 2749 1107 2810 ναόονν

328 2862 553 2943 revocatione,
576 2858 608 2936 ὃς
631 2861 731 2923 ἔναιεν
755 2860 913 2948 ἐυκτιμένῃ
937 2861 969 2922 έν
993 2863 1112 2948 Ἀρίσβῃ
1161 2868 1198 2936 (Ζ
1225 2865 1263 2924 13
1287 2869 1370 2939 sqq).
1475 2861 1477 2866 ’

189 2977 328 3038 Habitat
351 2977 479 3053 Oxylus
500 2979 586 3054 apud
604 2978 787 3039 Homerum
807 2977 956 3056 Arisbas,
978 2979 1046 3039 stat
1064 2993 1083 3037 a
1102 2977 1251 3054 partlbus
1263 2975 1370 3039 Troia·

142 3105 274 3152 norum.
310 3091 458 3153 Observa
492 3094 604 3154 autam
640 3107 717 3153 eum
752 3093 863 3153 vocari
899 3092 1130 3170 Τευθρανίδην;
1167 3092 1372 3153 Teuthranta

142 3205 260 3266 contra
284 3221 440 3282 apparere
463 3207 550 3267 inter
573 3206 717 3267 Graecos
734 3209 768 3267 et
787 3207 920 3280 quidem
940 3206 1012 3268 loco
1025 3206 1159 3281 insigni.
1184 3207 1285 3267 3705
1300 3221 1370 3281 sqq.

142 3318 269 3380 Hector
289 3321 489 3395 prosternit:

321 3431 465 3494 ἀντίθεον
493 3427 668 3512 Τεύθραντ’.
691 3430 740 3493 έπὶ
762 3430 795 3493 δέ
818 3432 993 3511 πλήξιππον
1012 3426 1152 3511 Ὀρέστην

327 3547 445 3627 Τρῆχόν
468 3541 488 3607 τ’
514 3546 662 3627 αἰχμητὴν
685 3544 821 3608 Αἰτωλόν
844 3543 1020 3622 Γοινόμαόν
1044 3566 1073 3605 τε

322 3660 510 3739 Γοινοπόδην
533 3655 561 3721 θ’
580 3657 710 3722 Ἕλενον
732 3658 784 3720 καὶ
804 3655 960 3740 Ὀρέσβιον
984 3658 1186 3737 αἰολομίτρην.

187 3775 322 3836 Orestes
352 3778 404 3837 est
433 3775 615 3836 Phocensis
640 3775 723 3850 „den
755 3776 807 3836 die
838 3775 1150 3850 Agamemnonsage
1178 3774 1211 3833 in
1236 3775 1374 3835 anderer

143 3888 276 3949 Gestalt
298 3888 503 3964 ausgobildet
527 3889 605 3950 aber
628 3904 692 3950 von
717 3889 840 3950 Photis
863 3889 957 3950 nicht
979 3890 1134 3964 getrennt
1157 3889 1237 3948 hat''
1261 3888 1376 3958 (Bothe

142 4003 270 4063 Homer
293 4018 325 4066 u.
349 4003 379 4064 d.
404 4002 623 4078 Heldensago.
648 4019 678 4078 p.
706 4006 761 4077 153
785 4003 861 4064 vide
885 4019 940 4064 me
964 4003 1071 4064 Hand.
1092 4000 1171 4062 1vue
1189 4003 1268 4063 Neri.
1289 4002 1372 4062 Phil.

143 4114 263 4190 Oongr.
297 4117 382 4178 1904
412 4133 443 4192 p.
473 4119 517 4178 33
547 4121 648 4192 sqq.);
690 4117 836 4178 Trochus
872 4132 1056 4192 eponymus
1092 4119 1143 4178 est
1184 4116 1370 4193 Trachinia,

141 4229 300 4291 Oreebius
333 4232 492 4308 BoeotuS,
523 4230 672 4292 Helenus
700 4230 893 4292 Thessalus.
918 4230 1134 4291 Teuthrantis
1157 4231 1297 4304 danique
1320 4245 1374 4292 no·

140 4357 219 4404 men
255 4359 331 4404 cum
365 4344 554 4406 Teuthrone
585 4344 703 4420 oppido
741 4344 827 4419 apud
866 4343 1053 4404 Taenarum
1081 4344 1189 4418 posito
1220 4344 1375 4404 cohaeret

140 4443 232 4518 (Ticlr
263 4457 377 4534 Vorgr.
411 4459 522 4520 Ortsn.
546 4474 578 4533 p.
603 4459 668 4529 91).
707 4459 760 4518 Sic
794 4456 940 4532 suspicio
975 4457 1080 4518 oritur
1116 4456 1261 4531 Oxylum
1296 4472 1372 4530 quo·

138 4587 202 4644 que
237 4573 393 4644 quamvis
428 4571 567 4633 Arisbae
601 4572 728 4632 habitat
763 4587 782 4632 a
818 4569 955 4631 Graecia
985 4585 1051 4630 non
1082 4570 1186 4631 fuisse
1216 4570 1373 4632 alienum.

140 4685 271 4746 Revera
294 4687 380 4761 apud
406 4686 667 4761 [Apollodorum]
693 4687 734 4762 (1,
760 4687 790 4762 7,
811 4686 842 4757 7)
874 4683 966 4745 audit
989 4682 1078 4747 filius
1101 4685 1318 4759 Protogeniae
1342 4685 1374 4744 et

140 4799 267 4860 Martis.
303 4799 500 4874 Protogenia
528 4802 642 4860 autem
673 4814 691 4859 e
721 4798 930 4859 Deucalionis
954 4801 1051 4872 gente
1075 4801 1128 4874 ast
1150 4799 1238 4859 orta:
1265 4800 1373 4859 mater
1405 4779 1406 4782 ¹
