3525 5692
341 683 406 743 208
703 697 745 741 nn
767 663 986 741 nnouuuonrs
1007 697 1201 742 rotrodum.

340 873 372 943 li.
397 889 425 932 e.
449 869 634 929 Pirithoum
666 883 742 928 oum
766 868 904 938 Theseo)
935 866 972 928 od
995 876 1169 946 μνηστῆρας
1192 864 1288 944 ἥκειν,
1309 858 1369 926 ἀλλ’
1396 862 1566 944 ἁρπασομέ-

341 1010 415 1060 νους
437 983 675 1059 πυνθανόμενος
706 981 866 1061 συνέλαβε,
892 980 942 1041 καί
965 980 1017 1042 τδν
1040 978 1095 1058 μὲν
1119 981 1292 1060 Πειρίθουν
1315 979 1411 1051 εὐθὺς
1434 976 1566 1057 ἠφάνισε

341 1099 391 1162 διὰ
413 1108 467 1160 τοῦ
486 1097 592 1176 κυνὸς,
613 1096 666 1159 τὸν
689 1093 723 1157 δὲ
744 1095 844 1175 Θησέα
862 1097 1026 1177 καθείρξας
1045 1094 1241 1173 ίφάλαττεν”.
1253 1112 1281 1158 c.
1295 1097 1355 1157 35:
1372 1090 1566 1174 ,δἮρανιλῆς

338 1215 392 1276 τδν
418 1211 518 1292 Θησέα
540 1217 711 1296 παρῃτεῖτο.
731 1212 981 1293 συγχωρήσαντος
1001 1209 1034 1274 δὲ
1052 1221 1107 1274 τοῦ
1127 1206 1434 1284 Ἀιδωνέωςλυθελςδ
1449 1208 1565 1286 Θησεὺς

341 1306 496 1406 ἐπανῆλθε
518 1327 560 1398 είς
582 1326 635 1398 σάς
660 1325 820 1402 meiuod&

384 1443 467 1519 Quid
490 1441 574 1516 quod
599 1441 669 1517 ipse
693 1441 858 1501 Homerus
881 1455 970 1501 nuno
997 1441 1039 1501 ad
1061 1444 1172 1517 partes
1195 1441 1307 1501 vocari
1329 1440 1455 1516 potest;
1480 1437 1565 1513 apud

342 1573 440 1633 quem
463 1573 481 1615 ο
504 1557 547 1617 79
571 1570 641 1630 sqq.
665 1554 826 1616 Antinous
847 1554 902 1614 Iro
925 1555 1115 1615 minitatur:

474 1666 585 1745 otpertus
608 1662 635 1727 σ’
662 1664 880 1745 ἤπειρόνδε
904 1664 1006 1744 βαλὼν
1029 1665 1061 1727 ἐν
1082 1665 1132 1746 νηί
1155 1667 1282 1750 μελαίνῃ

475 1781 517 1855 είς
532 1779 690 1861 Ἔχετον
712 1782 896 1860 βασιλῆα,
917 1781 1071 1860 βροτῶν
1096 1780 1304 1859 δηλήμονα
1327 1779 1494 1855 πάντων,

476 1895 509 1969 ὃς
531 1890 556 1955 κ’
581 1893 641 1956 άπδ
664 1894 734 1975 ῥῖνα
756 1895 867 1980 τάμῃσι
890 1893 941 1955 καί
964 1892 1058 1956 οὔατα
1081 1892 1166 1972 νηλέι
1188 1899 1285 1979 χαλκῷ

475 2009 572 2088 μήδεά
595 2004 614 2069 τ’
642 2007 808 2087 ἒπίεράσας
832 2009 896 2094 δάῃ
919 2007 1036 2069 κυσίν
1060 2006 1126 2086 σὀμδι
1149 2009 1320 2081 δάσασθαι,

340 2140 423 2200 quos
459 2139 573 2185 versus
607 2124 636 2184 si
667 2123 867 2184 conterimus
898 2139 973 2184 cum
1002 2124 1023 2184 l.
1041 2123 1063 2184 l.
1087 2124 1268 2195 Plutarchi,
1294 2125 1431 2199 apparet
1452 2137 1565 2196 regem

339 2242 435 2301 illum
459 2239 608 2299 Ειῖτισαυι
639 2238 762 2312 l=qui
785 2241 897 2300 servat
928 2254 989 2300 nec
1011 2239 1177 2310 remittit),
1205 2239 1373 2299 viventem
1397 2238 1430 2297 in
1453 2237 1564 2313 Epiro,

341 2355 539 2433 perditorem
566 2354 711 2414 οινπῖυυι
733 2353 914 2428 hominum,
939 2354 994 2428 qui
1017 2354 1176 2414 mortales
1199 2354 1274 2414 ιουι·
1295 2352 1395 2414 obicit
1416 2349 1568 2426 (ἀφανίζει

342 2467 392 2529 διὰ
414 2476 467 2528 τοῦ
490 2466 605 2543 κυνός),
629 2466 758 2527 nullum
783 2467 887 2527 alium
910 2461 1014 2529 fuisse
1037 2482 1136 2542 quam
1162 2465 1308 2526 Ἀϊδωνέα.

386 2582 540 2659 Quinimo
574 2581 712 2641 nomina
741 2595 870 2655 quoque
900 2580 1077 2642 fluminum
1105 2580 1285 2640 inferorum
1309 2580 1437 2654 antiqui
1459 2583 1564 2640 trans·

341 2697 491 2758 tulerunt
509 2696 543 2754 in
567 2694 797 2768 Thesprotiam
829 2697 918 2754 teste
946 2694 1112 2754 Pausania
1142 2695 1167 2769 Ι,
1195 2696 1245 2770 17,
1271 2697 1307 2754 5:
1344 2692 1438 2772 ,πρὸς
1470 2689 1503 2752 δὲ
1529 2703 1565 2777 ιη’

275 2881 282 2895 x
341 2810 463 2893 Κιχύρῳ
494 2808 647 2883 (Ephyra)
678 2804 768 2883 λίμνη
799 2802 829 2866 τί
859 2805 939 2866 ἐστιν
973 2807 1141 2885 Ἀχερουσία
1163 2807 1335 2882 καλουμένη
1358 2806 1410 2867 καὶ
1432 2807 1566 2884 ποταμὸς

343 2920 477 3002 Ἀχέρων,
495 2920 544 3000 ῥεῖ
563 2916 596 2981 δὲ
619 2918 670 2980 παλ
701 2918 844 2991 Κωκυτὸς
874 2919 958 2999 ὕδωρ
989 2917 1234 2999 άτερπίστατον”.
1264 2923 1347 2982 Nam
1371 2937 1565 2998 supervaca-

340 3053 441 3099 neum
476 3035 558 3096 duoo
593 3035 783 3109 ostendere,
816 3035 981 3108 quomodo
1009 3034 1160 3110 intellegi
1190 3037 1345 3113 debeant,
1370 3052 1453 3111 quae
1477 3037 1569 3097 addit

341 3152 448 3211 bonus
480 3149 682 3225 periegetes:
720 3144 865 3225 ,Ὅμηρός
896 3146 926 3208 ιε’
949 3170 1000 3226 μοι
1023 3148 1108 3209 δοκεῖ
1127 3158 1219 3209 ταῦτα
1243 3148 1381 3226 ἑωρακὼς
1405 3148 1434 3220 lt
1458 3171 1487 3208 τε
1510 3148 1565 3227 τὴν

340 3262 435 3340 άλλην
467 3262 591 3339 ποίησιν
625 3258 832 3338 ἀποτολμῆσαι
861 3269 921 3322 τῶν
952 3259 986 3322 ἐν
999 3259 1123 3340 Ἅιδου,
1153 3261 1205 3322 καλ
1228 3262 1267 3340 δὴ
1297 3261 1349 3323 καί
1371 3262 1407 3323 τὰ
1430 3259 1565 3340 ὀνόματα

258 3375 263 3387 '
340 3383 402 3450 τοῖς
424 3381 570 3453 ποταμοῖς
592 3373 653 3436 άπδ
676 3384 736 3435 τῶν
759 3372 791 3435 ἐν
817 3376 1004 3454 Θεσπρωτίδι
1027 3375 1174 3437 θέσθαι”.

385 3492 422 3552 Iu
446 3491 643 3566 Thesprotia
664 3490 775 3566 igitur,
799 3491 821 3551 i.
839 3506 868 3550 e.
893 3491 926 3550 in
947 3492 1071 3567 νομίσαι
1094 3492 1284 3567 occidentali,
1317 3493 1383 3553 iam
1408 3494 1564 3567 antiquis-

341 3606 419 3666 simi
453 3605 569 3665 Graeei
602 3604 726 3665 interos
761 3605 1015 3678 quaesiveruut;
1046 3605 1119 3666 hiae
1147 3607 1354 3682 ῖυιοῖλνμῖυιαε
1383 3607 1566 3669 munuum

341 3734 462 3793 qaoque
483 3719 609 3779 tactum
633 3733 707 3779 esse
730 3718 853 3778 tlumen
876 3718 1044 3779 infernum
1061 3714 1099 3792 ¹);
1121 3720 1198 3780 hino
1213 3718 1269 3796 τὴν
1288 3720 1435 3780 Λευκάδα
1454 3723 1564 3801 πέτρην

342 3839 377 3904 (ο
404 3834 455 3903 lli
490 3848 555 3893 non
585 3831 695 3892 solum
726 3832 767 3893 ob
791 3833 938 3892 nominis
961 3848 1082 3893 sonum
1106 3834 1147 3894 ab
1172 3835 1318 3908 antiquis
1341 3850 1416 3896 esse
1439 3839 1564 3911 quaesi-

340 3948 411 4007 tam
446 3946 481 4005 in
515 3943 607 4027 πέτρᾳ
636 3949 728 4028 λευκῇ
757 3942 813 4022 τὴν
844 3946 937 4024 χρόαν
960 3946 1141 4030 προκειμένῃ
1164 3955 1217 4024 τῆς
1236 3948 1397 4020 Λευκάδος
1415 3942 1448 4021 ²).
1473 3950 1565 4026 Quod

342 4060 443 4134 igitur
472 4059 552 4119 feeit
581 4059 746 4119 Sertorius
777 4059 839 4119 suh
869 4058 970 4120 tinem
994 4061 1041 4121 rei
1063 4060 1215 4136 publicae
1238 4077 1408 4139 romanae,
1435 4079 1510 4125 oum
1533 4063 1566 4124 τὸ

339 4167 483 4233 Ἠλύσιον
516 4171 623 4231 πεδίον
654 4173 835 4246 quaerebat
868 4173 903 4232 in
938 4174 1023 4233 mari
1058 4175 1252 4236 occidentali
1279 4171 1316 4250 ³),
1352 4177 1419 4238 iam
1449 4179 1566 4239 multis

342 4287 484 4348 saeculis
503 4289 580 4347 ante
600 4286 792 4361 cogitabant
811 4289 978 4362 anatome,
1000 4289 1056 4361 qui
1069 4289 1214 4362 aliquam
1226 4290 1393 4369 nortperto
1406 4289 1565 4361 εἰς“Αιδου

378 4494 398 4556 l)
416 4499 501 4546 fichol.
527 4498 616 4558 Eurip.
639 4499 681 4546 Or.
704 4500 767 4546 981:
794 4501 842 4556 ,είς
867 4500 908 4546 τδν
931 4501 1060 4565 Ἤριδανδα
1077 4503 1185 4558 ποταμδν
1202 4503 1316 4566 κρέμαται
1334 4505 1346 4548 δ
1367 4500 1507 4555 Τάνταλος”.
1526 4503 1565 4550 Of.

344 4590 419 4648 Verg.
437 4590 500 4637 Aen.
518 4590 561 4646 VI,
579 4590 637 4637 659.

376 4676 398 4744 ¹)
414 4681 500 4728 sonu.
519 4681 550 4741 r,
566 4683 616 4728 τοο
626 4682 655 4728 n.

377 4767 397 4828 ³)
415 4773 484 4818 Plut.
501 4772 568 4819 Sert.
589 4775 612 4818 8.
630 4773 691 4819 soll.
709 4774 741 4819 fr.
759 4774 781 4830 1,
799 4776 829 4820 dl
848 4774 930 4820 Kritz,
