3525 5692
696 761 737 806 le'
760 759 871 805 Alaun.

165 929 306 1006 calypso
329 930 477 992 Atlantls
500 930 569 992 fllia
591 927 777 1009 ὀλοόφρονος
800 927 947 989 habitat:

299 1041 382 1128 νήσῳ
406 1041 438 1103 ἐν
462 1040 632 1128 ἀμφιρύτῃ,
655 1043 708 1108 ὅθι
730 1037 752 1102 τ’
778 1038 915 1120 ὀμφαλός
938 1038 999 1100 ἐστι
1020 1039 1192 1117 θαλάσσης,

162 1156 255 1217 locus
273 1155 327 1217 dei
349 1157 471 1218 marini
493 1156 563 1218 fllia
584 1158 713 1232 dignus.

207 1269 304 1330 Hanc
336 1269 484 1331 Atlantis
517 1274 690 1347 naturam,
722 1284 821 1343 quam
853 1268 1069 1343 perspexerat
1098 1266 1232 1342 Preller,
1255 1267 1392 1342 agnovit

164 1396 292 1455 quoque
315 1383 437 1458 Berger
466 1384 664 1458 (Mythisohe
691 1380 948 1458 cosmographis
970 1380 1028 1440 dar
1050 1379 1210 1441 Grlechen
1234 1395 1265 1454 p.
1290 1381 1320 1449 7)
1344 1380 1392 1440 sic

160 1495 394 1556 ratiocinatus:
426 1499 478 1572 „in
503 1497 579 1558 echt
601 1497 810 1572 mythisoher
831 1493 1297 1569 Zusammenhangslosiglreit
1323 1509 1391 1553 ver·

162 1607 229 1667 lieh
260 1622 339 1669 man
369 1610 440 1671 ihm
464 1611 514 1671 die
537 1610 668 1672 Gewalt
690 1610 753 1672 den
776 1609 938 1686 Himmel,
963 1609 1076 1682 derja
1098 1608 1253 1669 auidam
1276 1608 1390 1668 iernen

164 1721 270 1782 Heere
294 1737 336 1784 zu
358 1724 463 1785 ruhen
485 1725 627 1801 scheint,
654 1739 695 1785 zu
718 1727 847 1800 tragon,
872 1723 939 1783 und
959 1737 1038 1783 man
1057 1721 1160 1782 malta
1180 1721 1392 1796 discrepando

163 1834 292 1897 Gewalt
324 1836 439 1898 weiter
468 1852 542 1915 aus,
572 1838 684 1898 indem
709 1852 787 1898 man
811 1837 860 1897 eie
882 1835 972 1896 wohl
998 1835 1061 1897 mit
1085 1833 1205 1896 Saulen
1230 1834 1391 1909 verglich,

163 1949 215 2009 die
238 1949 291 2010 ein
313 1949 404 2010 Dach
426 1951 577 2024 tragen”.
1118 2010 1122 2016 ,
1268 1926 1270 1931 “

206 2062 355 2123 Atlantis
379 2070 458 2124 iera
478 2066 599 2124 natura
623 2063 807 2124 constltuta
828 2063 1038 2124 revertamur
1060 2061 1101 2121 ad
1124 2061 1349 2122 Telamonem.

208 2177 339 2236 Scimus
373 2176 555 2238 Hesionam
591 2177 783 2238 Telamonis
816 2176 922 2237 fuisse
952 2189 1104 2250 uxorem,
1129 2190 1193 2249 qua
1216 2189 1259 2234 ex
1281 2175 1395 2249 genuit

165 2289 339 2350 Teucrum.
374 2289 453 2365 Quis
487 2290 590 2365 igitur
623 2306 689 2351 non
723 2288 943 2350 mirabundus
977 2287 1071 2348 audit
1104 2287 1320 2348 scholiastam
1355 2288 1395 2348 ad

165 2403 274 2478 Hurlp.
306 2403 427 2466 Phoen.
459 2419 508 2464 vs.
539 2405 621 2465 1129
646 2402 895 2478 perhibentem:
927 2401 1108 2462 Hesionam
1131 2401 1270 2462 Atlantia
1291 2401 1395 2461 fuisse

166 2517 330 2576 uxorem?
362 2516 508 2577 Hesione
542 2517 658 2593 igitur,
694 2517 816 2578 Oceani
845 2514 928 2590 fllia,
959 2529 1083 2576 numen
1113 2516 1294 2592 marinum,
1324 2517 1394 2575 tam

166 2629 296 2690 Atlanti
326 2629 387 2690 deo
417 2630 546 2693 marino
577 2645 678 2704 quam
708 2629 896 2700 Telamoni,
920 2628 1063 2703 Neptuni
1093 2627 1175 2704 filio,
1209 2643 1292 2689 uxor
1322 2627 1395 2688 init.

166 2741 294 2803 Miraris
315 2742 350 2802 ni
373 2742 509 2810 Telamo
531 2743 602 2818 ipse
625 2758 750 2804 numen
773 2743 875 2804 fuerit
899 2742 1078 2803 marinum.

207 2855 305 2937 Teste
339 2855 494 2917 Vitruvio
527 2856 691 2932 imagines
726 2856 817 2932 illas,
853 2870 937 2930 quae
972 2855 1012 2916 ab
1055 2856 1247 2916 architectis
1286 2856 1396 2918 vocari

165 2969 275 3030 solent
295 2968 462 3045 Atlantes,
483 2969 626 3042 Romani
646 2969 857 3044 appellabant
868 2968 1067 3031 Telamones
1079 2969 1136 3040 (De
1148 2969 1248 3030 Arch.
1261 2971 1293 3046 6,
1308 2971 1338 3045 7,
1353 2971 1395 3040 6).

209 3081 424 3143 Telamonem
441 3113 444 3120 ·
459 3083 558 3158 vulgo
584 3083 734 3165 habitum
758 3084 857 3144 Aeaci
880 3082 1099 3156 Endeidisque
1122 3080 1227 3142 filium
1252 3082 1354 3142 Attici
1378 3098 1395 3141 e

165 3195 287 3256 Glauce
305 3195 421 3256 Actaei
439 3194 507 3256 illia
532 3198 651 3257 natum
674 3195 823 3257 ferebant
845 3196 1035 3270 (Pherecyd.
1058 3211 1109 3270 ap.
1135 3196 1309 3271 [Apollodl
1333 3195 1391 3270 ΙΙΙ,

168 3309 219 3388 12,
240 3312 281 3380 6).
311 3309 404 3370 Uxor
426 3324 554 3384 quoque
576 3310 766 3371 Telamonis
789 3309 943 3371 audiebat
973 3309 1096 3370 Glauce
1120 3309 1223 3379 (Diod.
1247 3309 1301 3385 IV,
1328 3311 1391 3384 72),

165 3437 266 3497 quam
296 3423 336 3483 ob
367 3437 503 3492 causam
534 3423 669 3484 Telamo
693 3396 769 3485 cum
793 3422 917 3484 Glauco
941 3422 1081 3483 conferri
1104 3425 1237 3498 potest‚'
1254 3423 1315 3482 deo
1335 3422 1393 3482 illo

167 3535 308 3611 marino,
333 3536 389 3610 qui
411 3513 607 3597 Anthedone
626 3538 726 3596 natus
746 3537 790 3606 (in
811 3536 891 3596 urbe
910 3536 1012 3610 igitur
1030 3536 1119 3595 arcte
1138 3550 1213 3595 cum
1230 3534 1394 3596 Troezene

165 3648 350 3719 coniuncta)
385 3649 490 3709 vitam
522 3649 662 3710 debebat
692 3650 778 3724 patri
808 3648 998 3711 Anthedoni
1027 3648 1193 3722 matrique
1216 3648 1394 3722 Alcyonae.

166 3762 378 3828 Meminimus
411 3763 543 3824 Anthae
575 3763 806 3838 Alcyonaeque
835 3763 972 3823 nomina
1006 3763 1040 3821 in
1071 3762 1280 3822 sacerdotum
1311 3763 1395 3823 serie

165 3874 451 3937 Halicarnassensi
497 3877 643 3952 reperiri.
687 3877 770 3952 Quin
805 3877 910 3937 etiam
944 3876 1080 3937 Telamo
1110 3875 1206 3936 iuxta
1236 3875 1395 3936 Glaucam
1467 3909 1471 3914 <

164 3989 249 4050 alter
273 3989 579 4057 Glaucusvidetur.
615 3990 782 4053 observas
812 4005 874 4051 nos
903 3991 1030 4050 versari
1061 3990 1148 4050 circa
1171 3989 1339 4049 Isthmum
1363 3992 1398 4049 et

165 4103 320 4166 Boeotiae
343 4106 471 4178 partem
495 4104 703 4165 orientalem.

211 4216 249 4276 In
283 4217 394 4292 Euripi
428 4217 499 4292 ripa
533 4217 673 4278 sinistra
702 4231 803 4292 prope
834 4217 950 4277 urbem
981 4217 1212 4284 Anthedonem
1236 4217 1323 4278 situs
1347 4219 1399 4278 est

167 4344 264 4412 mons
294 4329 489 4404 Messapius„
509 4331 653 4405 Neptuni
684 4330 775 4391 cultu
799 4329 1046 4417 celeberrimus,
1070 4331 1166 4390 Hunc
1190 4331 1317 4392 cultum
1340 4331 1398 4391 Lo·

166 4457 300 4504 crenses
322 4442 355 4502 in
379 4443 513 4504 ltaliam
536 4444 781 4505 transtulerunt
800 4444 1041 4532 Metapontum,
1063 4446 1150 4507 sicut
1167 4445 1400 4507 Chalcidenses

167 4555 256 4615 aliud
287 4569 409 4616 nomen
440 4555 591 4617 eiusdem
621 4557 673 4617 dei
704 4555 867 4634 Κάλαοροο
892 4557 932 4616 ob
957 4559 1076 4618 ventos
1099 4559 1264 4620 secundos
1287 4559 1399 4619 datam

166 4682 185 4728 e
209 4669 343 4743 regione
366 4669 621 4732 Troezeniorum
645 4672 905 4732 transvexerunt
928 4672 962 4732 in
985 4672 1170 4734 calabriam
1194 4675 1257 4735 i.e.
1280 4675 1400 4732 Καλου-

158 4780 236 4866 ,ρίον
260 4783 313 4852 (ci.
338 4783 498 4863 Κολοοοίοι
520 4785 554 4857 in
578 4783 705 4862 Sicilia,
730 4785 817 4874 Plnt.
842 4785 927 4848 Tim.
951 4788 1016 4858 61).
1049 4788 1087 4849 ln
1111 4788 1265 4864 Messapii
1287 4790 1400 4848 autem
