3525 5692
648 747 691 792 or
713 746 863 794 clauus.
1303 739 1364 799 179

139 913 226 974 salia
247 917 382 978 nomine
405 933 445 979 ac
465 919 566 995 tama,
590 934 628 980 ee
651 920 849 982 descendere
867 919 1051 997 perhibeat,
1076 936 1141 982 non
1163 923 1237 983 eine
1254 923 1366 998 proba-

140 1025 271 1089 bilitate
293 1031 533 1093 contendemus
554 1036 805 1096 vetustissimos
828 1035 904 1097 illos
926 1037 1106 1098 Laconicae
1127 1038 1263 1116 incolas,
1287 1053 1369 1112 quos

141 1139 312 1216 hucusque
335 1145 542 1208 Achaeorum
564 1147 787 1210 indicavimus
806 1150 954 1227 nomine,
975 1150 1077 1212 fuisse
1097 1165 1213 1212 revera
1231 1155 1366 1226 gentem

140 1254 386 1334 Thessalicam,
409 1259 553 1321 fortasse
575 1261 714 1335 Minyas.
737 1261 929 1324 Thessalica
951 1263 1051 1339 igitur
1073 1263 1137 1324 iuit
1160 1265 1261 1341 natio,
1284 1281 1368 1339 quae

140 1369 284 1430 navibus
324 1372 395 1432 suis
435 1372 591 1435 Graeciae
632 1374 732 1436 litora
772 1374 901 1451 legens,
944 1376 1079 1437 tandem
1121 1377 1155 1436 in
1189 1377 1366 1440 Laconiam

140 1482 280 1558 appulsa
302 1485 447 1546 condidit
471 1486 634 1547 coloniam
654 1488 797 1562 deosque
816 1503 895 1550 suos
915 1489 1120 1563 importavit.
1141 1489 1194 1550 Sic
1206 1491 1369 1551 Admetus

141 1595 259 1656 Pheris
282 1598 372 1659 venit
394 1600 559 1673 Spartam.
1142 1609 1144 1612 ’

187 1709 280 1770 Nunc
297 1711 538 1789 intellegimus,
560 1729 617 1775 cur
635 1715 817 1776 maritimis
836 1716 1033 1792 praesertim
1053 1716 1085 1776 in
1104 1716 1240 1776 urbibus
1252 1715 1368 1778 Garnei

140 1821 332 1884 inveniatur
354 1825 480 1900 cuitus;
505 1828 620 1887 curin
644 1827 833 1903 sicyoniam
858 1828 912 1889 via
934 1829 1077 1889 fortasse
1101 1829 1250 1889 terrestri
1273 1845 1368 1904 pene·

141 1936 281 1995 traverit
304 1952 323 1997 e
345 1938 529 2015 Thessalia,
555 1941 690 2002 sedibus
713 1941 900 2016 Minyarum
925 1941 1181 2016 antiquissimis.

188 2048 250 2109 Sed
285 2065 327 2110 ne
361 2051 502 2114 celerius
531 2069 628 2130 agere
659 2055 844 2134 videamur,
875 2055 1009 2116 Pindari
1034 2055 1210 2116 volvamus
1235 2071 1368 2116 carmen

141 2161 319 2236 Pythicum
343 2167 505 2242 quintum,
529 2168 584 2228 ubi
607 2167 750 2244 legimus
772 2184 841 2230 vee.
867 2169 909 2230 73
933 2184 1004 2242 sqq.

321 2275 354 2335 τὸ
377 2273 403 2336 δ’
428 2275 501 2355 ἐμὸν
523 2275 663 2359 γαράοντ’
688 2278 749 2340 άπὸ
771 2280 917 2360 Σπάρτας
941 2279 1091 2360 ἐπήρατον
1114 2279 1207 2353 κλέος·

322 2387 398 2449 ὅθεν
420 2390 632 2471 γεγενναμένοι

323 2501 423 2564 ἵκοντο
451 2504 590 2584 Θήρανδε
614 2514 710 2581 φῶτες
733 2506 892 2585 Αἰγεΐδαι,

323 2613 388 2694 ἐμοὶ
409 2615 546 2698 πατέρες,
569 2618 607 2680 οὐ
630 2624 714 2679 θεῶν
736 2616 820 2698 άτερ,
842 2617 917 2679 ἀλλὰ
940 2619 1031 2697 μοῖρά
1053 2643 1097 2691 τις
1122 2618 1202 2700 άγεν.

322 2732 499 2793 πολύθυτον
522 2730 632 2811 ἔρανον

324 2842 416 2904 ἔνθεν
438 2842 674 2924 ἀναδεξάμενοι,

317 2955 483 3034 Ἄπολλον,
505 2971 555 3042 τεᾷ

325 3066 457 3150 Καρνήϊ’
484 3070 517 3132 ἐν
541 3069 621 3132 δαιτὶ
645 3072 799 3151 σεβίζομεν

323 3185 471 3264 Κυράνας
492 3183 696 3265 ἀγακτιμέναν
719 3184 818 3245 πόλιν.

145 3299 166 3359 i.
190 3314 217 3359 e.
244 3314 376 3374 ,meam
399 3299 542 3374 gloriam
566 3314 684 3361 omnes
706 3315 724 3361 e
748 3300 867 3376 Sparta
891 3315 963 3361 esee
986 3300 1177 3378 perhibent,
1202 3301 1288 3362 unde
1309 3301 1372 3361 orti

145 3411 289 3488 Aegidae
312 3414 424 3488 patres
446 3414 513 3474 mei
537 3427 603 3472 non
628 3414 700 3474 sine
722 3415 859 3475 deorum
883 3414 1010 3474 auxilio
1033 3414 1176 3475 'i'heram
1201 3416 1372 3475 venerunt.

21 3498 22 3541 ³
145 3525 230 3586 iiam
261 3525 369 3586 iatum
401 3542 459 3587 eos
489 3526 593 3587 duxit.
627 3527 735 3587 Thera
765 3530 877 3588 autern
910 3542 951 3588 ex
983 3527 1092 3588 insula
1123 3527 1289 3602 cyrenem
1313 3529 1374 3588 hoo

147 3652 237 3699 more
260 3638 383 3698 tralato
407 3655 524 3700 cenam
548 3639 748 3700 collaticiam
771 3642 910 3715 agentes
933 3641 1047 3717 lautis,
1073 3657 1091 3702 o
1113 3641 1246 3719 Apollo,
1268 3641 1374 3716 epuiis

21 3730 22 3809 ἶ
145 3752 261 3813 urbem
284 3755 435 3812 nostram
459 3751 699 3813 celebramus.''
722 3748 755 3823 ¹).

189 3865 269 3942 Quis
291 3865 346 3925 hic
369 3865 538 3939 loquitur?
561 3865 771 3926 Dissentiunt
795 3881 826 3926 v.
850 3866 898 3938 d.;
921 3869 1001 3926 eunt
1019 3867 1110 3927 enim
1126 3867 1373 3941 -inquorum
1493 3843 1494 3846 Ἴ

147 3994 285 4040 numero
319 3979 518 4053 signiferum
552 3980 623 4054 agit
654 3978 786 4040 Boeclrh
810 4013 851 4023 -
877 3980 932 4055 qui
964 3982 1082 4055 putent
1111 3985 1238 4056 poetam
1268 3980 1374 4041 dese

21 4080 22 4087 '
146 4092 217 4167 ipso
240 4092 349 4152 iacere
373 4092 489 4168 verba,
514 4095 553 4152 ut
576 4107 620 4153 ex
643 4093 844 4167 Aegidarum
869 4095 968 4167 gente
989 4096 1101 4154 ortum
1120 4110 1156 4154 se
1176 4107 1374 4153 essecoram

145 4206 300 4266 omnibus
331 4205 540 4281 pronuntiet;
572 4206 693 4280 quibua
723 4205 869 4266 oblocuti
900 4206 1115 4266 Hermannus
1139 4209 1172 4266 et
1195 4205 1251 4265 aiii
1276 4203 1375 4266 verba

146 4317 280 4379 laudata
315 4318 465 4378 eboracae
499 4319 538 4378 de
568 4334 605 4379 se
634 4318 718 4394 ipsis
747 4318 959 4392 loquentibus
986 4319 1189 4393 impertiunt.
1215 4317 1372 4390 Equidem

147 4432 259 4494 nullus
289 4431 445 4491 dubitans
475 4431 705 4492 Hermannum
737 4446 866 4505 sequor.
899 4432 1076 4492 Faciamus
1098 4432 1188 4491 enim
1213 4430 1373 4504 Aegidam

146 4545 249 4606 fuisse
280 4544 473 4619 Pindarum,
505 4546 586 4604 tunc
616 4544 729 4619 procui
760 4544 858 4605 dubio
889 4544 953 4604 iuit
976 4561 1018 4605 ex
1040 4543 1176 4619 Aegidis
1200 4542 1373 4603 Thebanis.

178 4797 198 4864 ¹)
216 4801 256 4848 of.
271 4799 407 4847 Lnebbert
424 4798 458 4846 de
476 4797 552 4846 carn.
570 4801 597 4845 et
614 4798 705 4858 Aegid.
723 4799 815 4857 Progr.
833 4800 915 4847 Bonn.
935 4800 1008 4846 itte.
