3525 5692
404 683 446 746 at
927 699 971 748 or
991 700 1104 750 111111.

446 874 590 936 Videsne
623 874 705 935 illud
738 871 813 954 ἀτὰρ
843 871 876 935 ἓν
909 875 1005 962 νόστῳ
1035 878 1202 956 Ἀθηναίην
1224 875 1372 957 ἂλίωνω,
1391 878 1478 952 quod
1500 878 1625 954 optime

401 991 541 1064 quadrat
573 991 608 1050 111
642 989 785 1051 Graecos
818 989 995 1066 abeuntes,
1026 994 1083 1068 qui
1112 994 1253 1054 victoria
1281 993 1363 1056 elati
1383 993 1625 1069 superbientee,

399 1104 452 1164 ius
464 1106 498 1164 61
508 1104 574 1181 las,
587 1107 625 1166 ut
636 1104 757 1166 docent
775 1128 793 1183 γ
816 1106 879 1165 130
897 1121 982 1182 sqq,
1000 1122 1126 1181 susque
1145 1107 1252 1182 deque
1270 1108 1433 1170 babentes
1451 1103 1489 1167 oti
1507 1129 1535 1165 u
1551 1105 1626 1183 νοή-

400 1239 491 1294 μονες
514 1214 589 1278 odit
612 1218 725 1279 δίκαιον
747 1221 858 1296 erant,
881 1235 985 1293 quare
1002 1235 1024 1280 a
1041 1221 1136 1296 Iove,
1155 1222 1194 1281 ut
1210 1221 1317 1282 voluit
1334 1223 1433 1297 poeta
1450 1221 1624 1296 antiquior,

400 1333 460 1394 aut
492 1348 512 1392 a
546 1332 694 1393 Minerva
728 1366 769 1376 -
804 1335 945 1408 patrona
973 1333 1173 1395 Gmoomm
1203 1335 1389 1411 indignata,
1419 1349 1519 1408 quam
1548 1349 1624 1393 cum

399 1439 721 1522 Pergami'numine
748 1447 886 1508 tutelari
915 1448 950 1509 in
972 1447 1117 1510 Graecos
1138 1449 1225 1510 irata
1247 1450 1488 1510 coniunxerant
1508 1450 1625 1523 poetae

398 1562 600 1623 recentiores
631 1595 672 1606 -
701 1562 932 1637 puniebantur.
957 1560 1002 1622 Τὰ
1024 1560 1057 1623 ἐν
1079 1561 1176 1648 νόστῳ
1198 1564 1362 1639 respicere
1383 1563 1495 1624 Aiacis
1516 1561 1625 1623 scelus

400 1693 513 1752 nemo,
538 1678 649 1752 credo,
673 1676 737 1737 sibi
758 1676 984 1754 persuadebit,
1007 1693 1114 1752 neque
1135 1678 1247 1754 deam,
1271 1693 1355 1751 quae
1377 1677 1417 1738 ob
1436 1677 1498 1737 boc
1514 1675 1624 1738 scelus

398 1793 492 1853 Aiaci
515 1793 604 1852 esset
627 1792 725 1867 irata,
750 1792 838 1852 hunc
860 1807 941 1853 suas
963 1808 1085 1853 manus
1108 1792 1254 1868 effugere
1276 1792 1407 1852 sivisse.

442 1905 512 1981 Qua
534 1921 570 1966 re
592 1920 653 1966 suo
675 1905 1066 1966 11168116116111502
1087 1906 1281 1967 annotavit:
1303 1902 1374 1981 ,καὶ
1392 1902 1556 1984 ἐχθόμενός
1566 1926 1624 1984 περ

398 2017 521 2102 Ἀθήνῃ·
541 2013 685 2078 ἁπάντων
704 2017 746 2090 εἰς
768 2016 801 2078 τὸ
825 1993 909 2097 teoto
931 2016 1148 2097 ἀσεβησάντων
1170 2017 1285 2078 ἅπασιν
1306 2015 1460 2096 ἔρὴνιεν”.
1483 2017 1570 2093 Quae
1592 2019 1623 2078 si

394 2135 492 2212 legis,
517 2136 585 2196 noli
609 2136 752 2210 cogitare
774 2136 815 2196 de
838 2135 1039 2213 Cassandra,
1063 2152 1144 2197 nam
1162 2137 1197 2196 in
1216 2135 1361 2211 Perside,
1380 2149 1465 2209 quae
1483 2132 1624 2194 historia

395 2249 504 2309 iustus
536 2250 577 2310 de
611 2251 709 2324 raptu
743 2250 827 2330 agit,
862 2266 927 2310 noa
957 2265 1074 2311 omnes
1103 2250 1226 2326 impios
1247 2266 1285 2311 se
1308 2249 1481 2326 praebent,
1502 2249 1624 2328 immo,

397 2379 483 2425 unus
506 2364 617 2439 modo,
641 2378 717 2424 cum
741 2365 842 2424 ceteri
864 2379 985 2425 omnes
1007 2366 1089 2426 deae
1110 2364 1324 2440 opitulentur.

441 2479 612 2555 Quodnam
635 2494 713 2539 1611
737 2479 778 2539 ad
800 2480 928 2541 lactum
951 2481 1116 2556 spectavit
1138 2478 1280 2541 Strabo?
1297 2478 1507 2540 coniecimus
1524 2493 1626 2554 supra

397 2595 580 2658 Minervam
615 2592 723 2669 illam,
758 2608 842 2666 quae
872 2609 923 2655 vs.
955 2595 1020 2654 502
1052 2597 1270 2670 memoratur,
1299 2594 1403 2654 fuisse
1431 2595 1500 2654 tam
1530 2592 1628 2652 deam

395 2708 549 2782 Pergami
579 2706 756 2767 tutelarem
795 2707 931 2768 Graecis
953 2709 1075 2769 iratam
1099 2723 1201 2782 quam
1224 2708 1426 2769 Graecorum
1448 2708 1625 2783 patronam

396 2822 516 2882 borum
546 2821 587 2882 ob
615 2821 823 2897 impietatem
853 2823 1082 2898 indignatam
1111 2822 1196 2884 duas
1217 2823 1322 2899 igitur
1343 2825 1423 2885 deas
1446 2838 1466 2882 a
1488 2823 1626 2883 recenti·

396 2936 508 2996 oribus
545 2952 603 3012 pro
637 2951 704 2998 una
735 2937 875 2998 habitae.
908 2937 1001 2998 Talia
1030 2938 1147 2998 Strabo
1170 2941 1307 3014 putasse
1330 2939 1470 2999 videtur.
1495 2937 1625 3013 Graeci,

397 3051 425 3110 ei
449 3066 524 3110 eum
547 3050 655 3126 audis,
680 3050 840 3112 abeuntes
864 3052 1083 3113 devastarunt
1101 3053 1266 3128 templum
1282 3053 1449 3113 Minervae
1459 3051 1513 3111 161
1524 3050 1625 3111 laese·

397 3165 477 3223 runt
498 3164 577 3224 deae
600 3178 710 3241 sacra,
735 3180 820 3238 quae
842 3165 876 3225 in
900 3180 975 3226 arce
995 3168 1102 3227 erant.
1126 3166 1188 3227 Est
1210 3167 1311 3241 igitur
1329 3160 1349 3243 ἡ
1368 3170 1530 3243 πολιοῦχος
1548 3163 1624 3240 θεά,

396 3293 480 3351 quae
514 3279 674 3340 abeuntes
708 3280 808 3339 malis
840 3280 1061 3355 persequitur.
1097 3280 1191 3341 Unde
1225 3281 1323 3342 facile
1357 3279 1507 3341 effeceris
1536 3278 1627 3339 Iovis

396 3393 480 3453 iram
507 3393 541 3453 in
564 3392 815 3469 proficiscentes·
831 3394 937 3455 luisse
961 3394 1182 3468 antiquiorem
1205 3410 1305 3470 quam
1328 3393 1422 3454 illam
1445 3394 1622 3454 Minervae.

396 3507 489 3567 Hanc
512 3507 602 3566 enim
624 3508 807 3582 excogitari
828 3523 894 3569 non
916 3509 1079 3584 potuisse,
1104 3511 1285 3582 antequam
1308 3509 1475 3568 1111161166
1493 3521 1623 3581 quoque

395 3619 491 3680 iuxta
512 3620 701 3696 Apollinem
724 3621 817 3683 locus
840 3623 875 3682 in
898 3637 974 3683 arce
996 3625 1088 3683 esset
1110 3623 1267 3684 tributus.

441 3734 599 3796 Omnium
628 3751 707 3796 vero
738 3751 902 3797 consensu
932 3751 1051 3796 versus
1079 3736 1156 3797 libri
1186 3740 1225 3813 Z,
1253 3738 1310 3810 qui
1333 3738 1373 3797 ds
1395 3736 1477 3796 deae
1498 3733 1623 3810 templo

395 3823 430 3909 in
464 3849 625 3924 Pergamo
656 3852 772 3926 agunt,
803 3850 998 3926 interpolati
1026 3854 1115 3913 sunt.
1145 3851 1344 3912 Describunt
1373 3851 1469 3912 deam
1499 3850 1534 3909 in
1563 3863 1625 3910 suo

396 3963 517 4025 sacello
540 3964 728 4038 sedentem
752 3963 811 4024 illa
832 3980 913 4026 vero
936 3967 1062 4042 statua,
1080 3981 1182 4040 quam
1200 3969 1317 4042 postea
1334 3966 1419 4027 Novi
1437 3965 1490 4026 Ilii
1508 3963 1624 4024 1111161-

394 4094 457 4139 166
485 4079 519 4138 in
550 4079 630 4138 aede
652 4078 755 4138 fuisse
778 4079 897 4139 docent
919 4082 1051 4140 nummi
1073 4081 1210 4162 reperti,
1235 4081 1383 4152 numinis
1406 4082 1478 4141 6161
1501 4077 1625 4140 stantis

396 4191 505 4252 colum
529 4207 632 4252 manu
655 4191 816 4268 tenentis,
840 4199 893 4270 τῆς
912 4187 1072 4272 Ἐργάνης.

441 4305 618 4366 Occasione
650 4305 774 4382 oblata,
807 4307 904 4381 quasi
934 4307 968 4367 in
997 4308 1204 4384 parenthesi,
1228 4309 1290 4369 hac
1313 4323 1442 4382 quoque
1464 4309 1504 4369 de
1525 4307 1622 4368 inter·

394 4419 561 4493 polatione
583 4421 746 4493 quaedam
769 4419 948 4482 observare
970 4421 1055 4482 mihi
1077 4422 1186 4483 liceat.

439 4536 464 4591 Ζ
498 4549 564 4595 non
598 4535 747 4610 depingit
779 4532 834 4612 τὴν
862 4529 1016 4615 Ἐργάνην
1047 4536 1105 4596 sed
1136 4534 1191 4613 οὴν
1218 4535 1378 4615 Ἀγελείην,
1402 4535 1623 4596 Β611611116111.

392 4646 498 4709 Causa
516 4651 629 4709 autem
651 4650 765 4709 exstat
783 4649 889 4725 nulla,
911 4664 969 4709 cur
989 4649 1128 4710 Ilienses
1146 4649 1268 4710 aetatis
1285 4649 1490 4724 posterioris,
1504 4646 1622 4722 quibus

392 4762 533 4822 maximi
556 4777 630 4822 esse
653 4762 787 4822 deberet
810 4763 1041 4824 demonstrare
1065 4763 1221 4838 oppidum
1246 4778 1344 4823 suum
1364 4763 1470 4823 fuisse
1487 4761 1619 4822 Troiam
1680 4739 1683 4742 ⁴
