3525 5692
625 758 667 801 nn
689 757 913 803 auazoursus
1318 743 1380 801 139

154 933 259 1008 saria,
291 932 324 991 in
354 930 448 992 libris
477 931 711 993 historicorum
743 932 951 992 Amazonum
983 932 1098 1006 regina
1127 929 1243 1004 tiebat3
1267 929 1384 990 deinde

155 1045 345 1108 Alexander
366 1047 505 1121 Magnus
526 1047 589 1107 iter
611 1047 645 1106 in
668 1047 798 1106 Indiam
821 1045 948 1106 iaciens
971 1060 1047 1105 curn
1069 1042 1297 1105 Amazonibus
1319 1058 1384 1103 non

153 1159 289 1233 quidem
324 1162 471 1221 certasse
504 1161 539 1220 at
573 1161 686 1220 tamen
715 1175 786 1219 rem
817 1156 974 1219 habuisse
1005 1156 1209 1218 tradebatur.
1241 1156 1387 1231 Agmina

154 1273 307 1335 fabulosa
336 1274 378 1335 ad
407 1273 556 1348 Sangarii
579 1273 669 1349 ripas
691 1273 976 1347 circumvagante
999 1274 1033 1333 et
1054 1271 1225 1346 Phrygum
1249 1285 1384 1345 campos

156 1387 341 1464 vastantia,
373 1403 457 1461 quae
486 1387 586 1463 prisci
615 1388 710 1447 vates
741 1385 1003 1461 celebraverant,
1035 1387 1163 1446 certum
1188 1383 1252 1445 sibi
1275 1383 1384 1444 locum

156 1499 192 1559 iu
224 1500 349 1561 chartis
378 1499 607 1576 geographicis
637 1513 743 1574 neque
765 1499 878 1560 minus
901 1500 1029 1559 certum
1053 1498 1087 1557 in
1108 1496 1259 1572 operibus
1283 1495 1384 1557 histo·

156 1612 237 1673 ricis
259 1613 457 1674 invenerant
480 1614 514 1673 et
537 1612 705 1673 tenebant.

201 1727 273 1789 Non
314 1728 361 1787 ita
401 1726 519 1788 multis
560 1727 659 1788 annis
697 1728 773 1801 post
810 1725 971 1786 Herodoti
1004 1726 1148 1785 aetatem
1184 1723 1387 1785 exstiterunt

157 1841 352 1919 scriptores,
376 1841 526 1917 Ephorus
548 1839 619 1918 aiii,
639 1839 695 1915 qui
713 1838 954 1901 asseverabant
972 1841 1182 1918 Σαυροματῶν
1200 1835 1293 1909 ἔθνος
1311 1829 1388 1897 εἶναι

156 1954 501 2035 γυναικοκρατούμενον,
526 1953 605 2016 licet
627 1953 794 2014 Historiae
818 1953 917 2013 Pater
938 1953 1017 2014 talis
1039 1953 1088 2014 rei
1109 1967 1171 2014 nec
1193 1952 1305 2013 volam
1328 1967 1389 2012 nec

156 2069 337 2145 vestigium
378 2069 464 2144 apud
506 2070 660 2130 auctores
692 2083 773 2130 suos
806 2068 992 2144 repperisse
1026 2069 1202 2144 videretur,
1236 2067 1293 2141 qui
1326 2066 1388 2128 hoc

156 2183 268 2245 solum
299 2185 493 2244 narraverat
522 2182 608 2258 apud
635 2182 813 2243 Issedones
835 2178 1009 2261 ἰσοιιραιέας
1033 2177 1144 2259 ὁμοίως
1167 2178 1218 2252 τὰς
1241 2184 1388 2260 γυναῖκας

155 2301 219 2368 τοῖς
242 2292 369 2376 ἀνδράσι
392 2289 479 2357 εἶναι.
503 2296 628 2372 Operae
650 2296 752 2371 igitur
774 2298 920 2372 pretium
942 2299 995 2358 est
1017 2297 1173 2372 indagare
1196 2297 1281 2358 unde
1304 2296 1386 2356 haec

159 2411 282 2486 Ephori
304 2409 413 2486 opinio
436 2410 516 2471 oriri
539 2410 694 2488 potuerit.

204 2524 318 2586 Graeci
348 2522 564 2598 animasum·
592 2523 670 2598 quid
701 2523 867 2585 senserint
896 2524 937 2584 de
963 2523 1139 2584 mulierum
1165 2523 1321 2585 isocratis
1342 2555 1385 2564 -

158 2622 196 2700 ut
225 2638 402 2699 mittamus
433 2653 522 2699 nunc
551 2637 855 2713 gynaecocratiam,
889 2669 929 2681 -
961 2651 1060 2697 nemo
1085 2637 1230 2698 Homero
1253 2636 1387 2698 brevius

161 2752 343 2828 expressit;
368 2752 491 2813 Hector
513 2752 603 2812 enim
628 2750 719 2811 hisce
742 2749 853 2811 verbis
877 2766 1016 2811 uxorem
1039 2751 1176 2812 domum
1198 2750 1321 2812 mittit:

382 2859 443 2924 ἀλλ’
468 2863 511 2937 εἷς
533 2867 643 2926 «Ῥοῖκον
667 2863 756 2924 ἰοῦσα
778 2858 813 2923 σε’
840 2862 935 2941 αὐτῆς
957 2860 1053 2943 ἱέργοι
1076 2862 1192 2942 νόμιζε,

380 2977 463 3039 ἱστόν
486 2973 507 3038 τ’
533 2975 687 3058 ἠλακάτην
709 2999 754 3056 σε,
775 2975 827 3037 καὶ
849 2974 1048 3054 ἀμφιπόλοισι
1071 2974 1172 3038 κέλευε

381 3090 494 3174 Ῐὲργον
517 3090 703 3171 ἐποίχεσθαι·
725 3090 855 3170 πόλεμος
878 3085 907 3151 δ’
932 3088 1075 3172 ἄνδρεσσι
1097 3090 1225 3169 μελήσει.

156 3207 317 3270 Herodoti
336 3221 413 3268 vero
431 3207 638 3282 temporibus
657 3205 837 3267 mulierum
857 3220 941 3280 quae
961 3208 1099 3267 vocatur
1112 3205 1331 3281 emancipatio
1345 3240 1385 3250 -

158 3338 213 3384 res
243 3321 355 3397 procui
384 3321 483 3381 dubio
506 3322 540 3381 in
563 3320 656 3382 iouia
679 3321 760 3380 nata
783 3353 824 3364 -
849 3319 992 3380 Athenis
1014 3334 1093 3380 suos
1115 3320 1178 3381 sibi
1202 3319 1389 3380 defensores

159 3437 343 3496 invenerat.
376 3434 553 3510 sophocles
575 3433 779 3509 Antigonam
803 3432 956 3516 παρρησίᾳ
980 3433 1129 3495 inaudita
1151 3432 1284 3494 Creonti
1307 3432 1393 3494 oblo-

160 3552 273 3611 cutam
298 3549 331 3610 in
354 3564 490 3610 scenam
510 3549 724 3624 produxerat,
746 3562 820 3608 cum
841 3547 976 3608 Ismena
995 3548 1189 3608 vetustioris
1201 3549 1393 3623 exemplum

161 3663 345 3725 modestiae
375 3679 393 3723 e
424 3662 625 3737 Thucydidis
654 3663 767 3738 potius
796 3663 985 3738 praeceptis
1015 3662 1058 3732 (II
1088 3665 1141 3734 45)
1172 3663 1277 3723 vitam
1299 3663 1393 3722 insti·

158 3773 474 3838 tuisse'videretur.
504 3776 627 3838 Eodem
658 3776 757 3837 modo
788 3775 918 3837 Electra
949 3778 983 3837 et
1007 3775 1262 3852 Chrysothemis
1283 3791 1390 3838 recen·

157 3896 278 3954 tiorem
302 3895 335 3953 et
354 3892 577 3966 antiquiorem
602 3892 791 3968 opinionem
813 3891 1010 3952 referebant.
1031 3891 1106 3952 Mox
1125 3891 1296 3967 Euripides
1316 3905 1391 3951 cum

159 4009 195 4068 in
226 4008 380 4084 choricis,
413 4007 469 4068 ubi
499 4007 632 4083 saepius
662 4009 761 4081 poeta
791 4020 889 4066 suam
912 4006 1019 4082 ipsius
1043 4006 1247 4066 sententiam
1271 4005 1390 4081 aperit,

158 4124 233 4182 tum
250 4121 289 4180 in
310 4121 451 4196 dialogis
469 4120 628 4181 mulieres
648 4120 687 4180 de
706 4121 800 4180 statu
820 4134 881 4180 suo
894 4119 1103 4194 disputantes
1114 4118 1343 4180 introduxerat
1360 4113 1393 4195 1),

158 4235 247 4309 quod
277 4235 347 4309 ipse
378 4233 534 4295 censebat
565 4234 704 4294 minime
736 4234 870 4294 celarat.
898 4233 1083 4309 componat
1106 4233 1188 4292 mihi
1211 4232 1391 4293 benevolus

158 4349 263 4410 lector
292 4348 457 4424 Euripidis
488 4348 708 4424 Iphigeniam,
741 4363 825 4420 quae
857 4346 1068 4408 exclamans:
1103 4343 1157 4422 ,ib
1188 4341 1219 4405 oi
1245 4343 1342 4404 σῶσαί
1363 4339 1388 4422 μ’

193 4553 213 4619 ¹)
230 4559 284 4605 Leo
306 4558 431 4605 Blochius
447 4556 475 4604 in
492 4555 582 4604 iibeilo
601 4553 853 4612 ,Aikestisstudien”
871 4557 931 4602 inse
950 4555 1079 4614 docteque
1097 4555 1146 4602 heo
1163 4555 1195 4601 de
1214 4569 1241 4601 re
1260 4555 1392 4602 disserens

157 4651 294 4696 strennum
318 4652 456 4708 patronum
476 4645 638 4707 „sequioris”
654 4661 732 4694 sexus
750 4644 939 4706 semetipsum
956 4647 1080 4694 ostendit.
1098 4648 1262 4705 Quemquam
1281 4648 1323 4694 hic
1337 4645 1393 4692 iliic

156 4740 245 4787 studio
268 4739 396 4799 abreptus
418 4740 506 4786 lenum
529 4736 613 4785 risum
637 4740 738 4795 movet3
762 4735 849 4797 quivis
872 4743 960 4785 autom
984 4737 1114 4797 intellegit
1135 4751 1214 4797 qnam
1232 4736 1341 4785 diiiiciia
1358 4738 1393 4784 sit

157 4831 267 4881 modum
284 4844 336 4880 nou
355 4832 482 4882 excedere
500 4831 546 4880 ubi
564 4830 664 4880 amicae
681 4827 709 4876 in
725 4830 850 4877 honorem
867 4829 918 4878 hoc
935 4830 967 4877 de
982 4834 1137 4892 argumento
1151 4843 1218 4892 opus
1234 4830 1391 4878 consoribus.
