3525 5692
361 718 424 778 148
826 730 867 774 οτι
889 730 1113 776 rusaourans.

356 906 476 965 harum
499 902 721 976 nympharum
739 895 834 960 Ἱππώ
857 900 961 962 fuisse
985 905 1153 977 vocatam;
1174 903 1290 962 addam
1311 904 1423 962 autem
1443 900 1597 960 aiterum

356 1016 585 1079 testimonium
620 1029 685 1074 non
721 1014 860 1075 minoris
890 1015 998 1089 pretii.
1029 1016 1184 1090 Legimus
1215 1016 1300 1090 apud
1330 1000 1528 1076 Pausaniam
1549 1008 1597 1083 ¹):

359 1128 488 1208 ,χωρίον
518 1125 684 1204 Ἀρτέμιδος
707 1126 756 1186 καὶ
781 1128 926 1205 Νυμφῶν
951 1125 1030 1187 ἐστὶν
1054 1129 1088 1187 αἱ
1109 1129 1238 1206 Κάρυαι·
1262 1127 1371 1206 χοροὺς
1394 1125 1426 1186 δὲ
1448 1126 1598 1186 ἐνταῦθα

356 1244 391 1304 αἱ
421 1241 675 1319 Λακεδαιμονίων
705 1238 855 1319 παρθένοι
887 1239 961 1300 κατὰ
992 1239 1055 1313 ἔτος
1086 1241 1183 1302 ἱστᾶσι
1213 1239 1263 1301 καὶ
1294 1239 1447 1320 ἐπιχώριος
1476 1240 1599 1312 αὐταῖς

354 1353 541 1434 καθέστηκεν
572 1351 724 1433 ὄρχησις”.
754 1355 914 1415 Referunt
945 1355 1045 1428 igitur
1076 1355 1221 1431 virgines
1252 1355 1329 1416 illae
1359 1355 1551 1430 Καρυάτιδες
1572 1351 1599 1425 ²)

312 1515 333 1547 s
354 1471 535 1546 imaginem
554 1470 764 1530 Amazonum
784 1470 908 1530 circum
929 1469 1055 1530 Dianae
1074 1469 1236 1545 Ephesiae
1256 1484 1350 1530 aram
1373 1469 1599 1544 saltantium,

247 1581 282 1622 4¹
354 1601 436 1660 quas
467 1599 485 1644 e
516 1582 711 1645 Callimachi
745 1583 897 1644 versibus
931 1587 1045 1644 notam
1082 1583 1253 1645 habemus.
1291 1583 1448 1660 Πυρρίχην
1481 1584 1601 1644 inisse

154 1718 197 1775 „a
218 1669 272 1791 ia*
351 1699 443 1759 illam
487 1698 700 1758 saltationem
735 1697 901 1757 Lucienus
918 1691 940 1767 ⁸)
972 1699 1084 1771 aperte
1118 1697 1229 1771 docst;
1265 1698 1358 1758 cuius
1391 1697 1471 1756 haec
1507 1703 1599 1758 sunt

157 1794 224 1910 νη
296 1840 325 1885 ,s
353 1811 469 1873 verba:
507 1808 945 1888 ,Aunedotpdvrot....nupdc
976 1810 1194 1881 Πολυδεύκους
1225 1808 1275 1870 καὶ
1298 1810 1452 1889 Κάστορος
1470 1833 1598 1889 καρυα-

351 1924 441 1997 τίζειν
464 1923 615 2001 μαθόντες
638 1939 666 1984 θ.
691 1940 721 1997 q.
746 1925 797 1984 εἶ’

396 2040 518 2101 Eodem
550 2041 663 2099 autem
693 2038 757 2097 ritu
789 2037 867 2097 alibi
898 2052 1026 2112 quoque
1056 2037 1196 2098 Dianam
1228 2040 1261 2098 et
1292 2039 1481 2098 Amazones
1505 2039 1596 2099 cele-

351 2155 465 2215 brasse
484 2153 639 2212 videntur
659 2151 813 2226 virgines,
836 2151 914 2210 Erat
932 2151 1097 2210 Pausania
1116 2153 1204 2211 teste
1218 2146 1243 2220 4)
1264 2151 1402 2225 Spartae
1420 2151 1594 2226 templum

351 2268 514 2343 quoddam
545 2266 669 2325 Dianas
701 2279 850 2340 sacrum,
883 2263 939 2324 ubi
962 2266 1079 2324 sancto
1103 2278 1240 2324 munere
1263 2263 1487 2339 fungebantur
1511 2287 1597 2342 καρ-

349 2378 438 2440 elva
471 2378 655 2456 καλούμεναι
690 2375 765 2435 κατὰ
799 2375 893 2436 ταδτδι
928 2382 990 2448 ταῖς
1021 2381 1109 2448 θεαῖς
1140 2374 1192 2436 καδ
1222 2369 1370 2436 αὗται...
1395 2379 1595 2452 quomodo?

350 2492 564 2563 Λευκιππίδες.
595 2490 841 2568 Quamobrem?
869 2489 1032 2565 Quoniam
1055 2490 1215 2552 mortales
1238 2491 1382 2566 speciem
1406 2491 1598 2554 referentes

350 2608 560 2668 Amazonum
594 2621 660 2666 non
695 2604 827 2679 quidem
863 2607 902 2665 ut
936 2606 1008 2680 ipsa
1042 2605 1110 2664 Dea
1141 2605 1347 2665 vehebantur
1377 2605 1465 2678 aquia
1491 2606 1593 2682 uldra,

350 2721 421 2781 sed‘
442 2721 578 2781 nomine
613 2719 736 2779 saltem
770 2719 918 2778 numinis
952 2718 1079 2778 formae
1113 2719 1368 2791 antiquissimae
1402 2719 1598 2780 servabant

350 2834 561 2894 memoriam.

396 2947 467 3007 Non
488 2961 585 3007 secus
605 2961 644 3006 ac
662 2945 735 3020 ipsa
754 2945 859 3005 Diana
882 2945 1021 3005 comites
1044 2946 1115 3006 eius
1138 2945 1339 3020 Amazones,
1365 2960 1464 3005 cursu
1488 2947 1583 3008 celer

348 3061 432 3121 rimo
450 3075 584 3135 campos
602 3062 634 3119 et
654 3073 796 3132 aequora
815 3059 1017 3133 perlustrare
1036 3059 1167 3133 solitae,
1190 3059 1283 3133 equis
1302 3059 1464 3119 vehentes
1484 3060 1594 3136 vulgo

349 3172 566 3248 fingebantur.
599 3172 662 3232 Sed
694 3174 727 3232 et
758 3173 908 3232 armatae
940 3173 1036 3232 erant
1065 3174 1103 3232 ut
1129 3171 1202 3246 ipsa
1224 3173 1292 3232 Dea
1314 3172 1458 3233 lunaris:
1483 3174 1594 3248 peltis

348 3287 493 3362 lunatis,
513 3285 668 3359 arcubus,
692 3284 873 3345 securibus.
898 3283 969 3344 Tali
993 3289 1112 3345 ornatu
1135 3286 1262 3346 Amano

618 3398 669 3458 vel
694 3399 841 3458 intactae
864 3397 988 3471 segetis
1011 3414 1068 3473 per
1091 3413 1226 3458 summa
1248 3398 1375 3458 volaret

481 3511 632 3586 gramina
654 3526 716 3571 neo
737 3513 870 3572 teneras
895 3526 992 3571 cursu
1015 3512 1169 3572 laesisset
1192 3513 1326 3587 aristas,

482 3625 534 3685 vel
558 3640 649 3685 mare
671 3641 729 3700 per
753 3626 899 3686 medium
924 3625 1026 3686 iluctu
1049 3639 1212 3699 suspensa
1234 3626 1380 3685 tumenti

481 3740 583 3800 ferret
605 3740 670 3800 iter
693 3739 811 3800 celeris
835 3754 897 3799 nee
921 3740 1087 3813 tingueret
1112 3755 1252 3813 aequore
1275 3738 1417 3814 plantas.

392 3853 547 3915 (laterum
578 3852 715 3921 drusius
729 3848 753 3929 ⁵)
782 3854 909 3927 optimo
933 3853 1004 3913 iure
1027 3853 1219 3914 observavit
1243 3852 1417 3914 Camillam
1441 3855 1586 3916 Amazo-

346 3982 423 4026 nem
454 3967 613 4042 italicam,
647 3981 747 4040 quam
772 3966 936 4040 Vergilius
953 3961 975 4037 6)
1000 3967 1121 4027 vividis
1144 3966 1306 4028 coloribus
1330 3967 1489 4042 depinxit,
1516 3984 1587 4029 non

344 4077 453 4138 solam
487 4079 732 4141 Penthesileam
767 4079 825 4138 sed
860 4080 962 4139 etiam
998 4079 1204 4155 Harpalycen
1241 4081 1274 4139 in
1305 4082 1454 4140 mentem
1483 4081 1587 4142 nobis

293 4217 308 4254 ε
343 4207 508 4254 revocare.
539 4194 616 4254 Fuit
646 4193 726 4252 haec
758 4192 944 4266 Harpalyce
977 4208 1056 4253 vera
1085 4195 1211 4254 Amazo
1235 4208 1366 4268 graeca,
1391 4208 1584 4268 nomenque

344 4305 416 4365 eius
438 4307 592 4367 cohaeret
612 4323 687 4368 cum
707 4280 901 4381 Diana‘illa,
923 4307 974 4367 cui
994 4306 1210 4382 Hippolytus,
1231 4309 1260 4366 si
1279 4306 1360 4367 tides
1372 4307 1581 4386 Perlegetae,

344 4416 420 4477 ναὸν
451 4419 584 4492 Λυκείας
614 4418 782 4499 Ἀρτέμιδος
813 4421 989 4482 dedicavit.
1026 4421 1219 4496 suspicatur
1251 4424 1363 4483 autem
1395 4421 1584 4483 Pausanias

852 4515 905 4558 ,nt

274 4474 291 4505 v

378 4694 397 4760 1)
414 4698 463 4755 111,
483 4699 523 4759 1o,
542 4699 565 4747 v.
665 4696 943 4763 ²)P011u0.1v,104.
1044 4699 1122 4758 one
1141 4703 1232 4751 sarar.
1253 4705 1293 4752 το.
1393 4701 1415 4765 ⁴)
1431 4695 1577 4765 111,'1e,1

376 4785 396 4850 ¹⁵)
414 4790 476 4837 Lex.
494 4791 616 4838 Roschl
636 4792 701 4840 1885
718 4806 776 4852 sqq.
979 4790 1001 4854 ⁶)
1018 4795 1067 4842 VII
1086 4796 1145 4856 808,
1162 4795 1198 4842 XI
1217 4796 1266 4843 570
1286 4808 1344 4855 sqq.
