3525 5692
543 1511 671 1648 DE
721 1511 1034 1653 Ainea.

689 1829 736 1876 Ioh
753 1829 824 1876 holte
839 1829 907 1888 jetnt
924 1828 967 1877 die
986 1828 1095 1878 Aneioht
1110 1831 1172 1878 dees
1187 1830 1249 1879 Aius
1263 1833 1322 1881 eine
1337 1838 1391 1883 rein

657 1908 830 1956 dichterisohe
850 1909 1003 1969 aohopfnng
1020 1911 1090 1957 ohne
1106 1911 1270 1970 mythiechen
1289 1914 1393 1961 Hinter·

656 1987 741 2046 grund
766 1985 805 2034 sei
830 1988 936 2048 (Gesch.
961 1990 985 2035 d.
1008 1991 1058 2037 Alt.
1081 1987 1108 2036 11
1126 1992 1138 2048 ς
1158 1993 1393 2053 trinitatatem

655 2067 731 2114 mehr
754 2069 796 2114 sur
819 2068 922 2128 richtig,
940 2069 1052 2116 eondern
1069 2070 1173 2128 glaube,
1191 2071 1251 2118 dees
1268 2073 1334 2119 anch
1350 2073 1392 2121 die

567 2191 568 2196 ,
655 2147 868 2206 Sagengestalten
883 2149 929 2194 der
941 2148 1035 2195 beiden
1043 2150 1103 2196 diae
1111 2150 1297 2210 ursprdnglich
1307 2153 1391 2200 einem

657 2228 749 2296 Oultue
765 2231 950 2276 entetammen.

960 2347 1008 2393 llo.
1026 2348 1128 2400 Marna,
1147 2348 1258 2405 Hermes
1274 2346 1323 2394 'ilo

391 2613 421 2680 Ι.
445 2613 496 2680 De
520 2611 640 2680 Aiacis
662 2601 823 2700 ἆιρωσίᾳ
847 2610 940 2696 apud
962 2610 1170 2680 Pindarum.

213 2849 358 2910 Aloisius
388 2849 499 2910 Rzach
530 2866 606 2911 curn
641 2853 718 2912 ante
749 2845 906 2925 quattuor
929 2865 1033 2911 annos
1056 2851 1191 2912 Hesiodi
1214 2852 1393 2913 editionem

170 2964 330 3024 maiorem
362 2964 487 3040 ederet,
520 2966 554 3025 in
584 2965 780 3040 fragmentis
800 2964 1014 3039 disponendis
1036 2979 1056 3023 a
1078 2961 1205 3039 Magnis
1227 2964 1323 3025 Eoeis
1346 2965 1393 3026 dl-

169 3077 287 3136 stinxit
308 3076 500 3153 Gatalogum
533 3094 608 3138 cum
633 3079 794 3139 lloearum
817 3078 974 3152 reliquiis.
999 3079 1110 3152 Neque
1133 3079 1253 3139 iniuria
1274 3080 1393 3141 iecisse

170 3190 309 3265 videtur,
332 3191 411 3251 licet
433 3192 615 3252 intricatior
637 3192 683 3252 sit
702 3193 866 3268 quaestio,
888 3192 929 3252 de
948 3207 1012 3264 qua
1031 3193 1114 3252 satis
1126 3192 1321 3253 habebimus
1331 3193 1393 3254 lec·

167 3305 257 3364 tores
281 3305 403 3366 referre
427 3306 466 3366 ad
490 3321 542 3380 ea,
566 3321 649 3379 quae
669 3306 740 3381 ipse
759 3306 871 3366 Rzach'
884 3306 916 3365 in
941 3307 1087 3365 medium
1108 3307 1185 3366 tulit
1203 3321 1330 3368 necnon
1351 3308 1390 3368 ad

169 3417 288 3478 Leonis
307 3419 470 3480 Hesiodea
492 3421 525 3480 in
550 3419 650 3480 Indic.
676 3423 758 3480 aest.
784 3419 871 3480 Gott.
897 3420 985 3479 edita
1008 3434 1095 3480 anno
1121 3420 1217 3482 1894.

214 3533 461 3593 annumeratur
481 3535 591 3592 autem
613 3533 740 3608 Magnis
760 3533 812 3593 his
828 3533 924 3592 Eoels
942 3532 1181 3609 fragmentum,
1202 3536 1287 3606 quod
1300 3550 1392 3596 accu-

169 3645 273 3706 ratius
303 3663 374 3707 rem
406 3647 655 3720 inspicientibus
678 3648 817 3722 iustam,
843 3647 876 3705 ni
900 3645 1057 3721 fallimur,
1081 3647 1228 3706 movebit
1250 3649 1393 3708 miratio·

169 3774 255 3820 nem.
281 3760 343 3820 Sed
368 3775 443 3820 oum
466 3762 607 3835 petitum
631 3761 676 3820 sit
700 3776 718 3820 e
741 3759 866 3820 scholio
890 3761 930 3820 ad
954 3759 1085 3819 Pindari
1108 3760 1226 3820 Isthm.
1251 3759 1310 3836 VI,
1334 3763 1392 3837 53,

169 3875 318 3948 praestat
340 3874 472 3949 abipso
495 3875 629 3935 Pindari
653 3870 850 3949 argumento
874 3875 1007 3934 initium
1031 3874 1150 3934 iacere.
1172 3925 1183 3951 ..-

213 3985 426 4048 Telamonem
468 3989 671 4049 invitaturus
710 3987 870 4049 Troianae
905 3988 1126 4063 expeditionis
1159 3989 1324 4063 particeps
1357 3991 1395 4049 ut

169 4099 227 4161 flat
254 4100 456 4161 Salaminem
481 4102 573 4161 venit
596 4101 766 4161 Hercules.
791 4101 901 4161 Intrat
924 4102 1059 4161 domum
1083 4102 1138 4161 ubi
1161 4102 1294 4162 heroem
1318 4117 1394 4162 cum

170 4215 287 4276 amicis
320 4217 509 4292 epulantem
543 4215 690 4276 offendit.
722 4216 843 4275 Statim
875 4216 1027 4290 poculum
1060 4231 1140 4277 auro
1171 4220 1324 4277 ornatum
1354 4215 1394 4274 ab

168 4331 299 4404 hospite
312 4330 342 4390 ei
354 4329 542 4405 porrigitur,
563 4345 627 4403 quo
648 4332 792 4406 accepto,
814 4328 936 4404 pellem
960 4329 1140 4405 leoninam,
1165 4344 1230 4403 qua
1251 4330 1394 4390 amictus

167 4441 375 4524 intraverat,
388 4444 535 4504 humeris
555 4444 660 4504 etiam
680 4445 753 4503 tum
772 4444 909 4517 gestans
926 4446 1066 4516 rogatus
1080 4443 1196 4518 incipit
1208 4443 1268 4502 has
1280 4449 1394 4522 preces

168 4557 351 4628 solemnes:
386 4558 564 4634 ,luppiter,
594 4557 723 4617 utinam
747 4556 961 4617 'lelamonem
987 4557 1072 4616 dites
1094 4554 1162 4617 illio
1185 4559 1257 4616 tam
1279 4558 1353 4616 tuto
1377 4571 1397 4616 a

169 4670 376 4748 vulneribus,
416 4686 516 4744 quam
548 4671 684 4732 Nemaei
715 4671 819 4731 leonis
851 4673 931 4730 sunt
953 4671 1108 4747 exuviae,
1133 4686 1216 4744 quae
1238 4670 1410 4747 humeros.

169 4799 262 4845 meos
286 4787 398 4858 tegere
419 4784 566 4850 solentl”
588 4784 679 4845 Talia
698 4785 846 4860 precanti
865 4784 1010 4859 Iuppiter
1030 4785 1174 4858 aquilam
1192 4784 1397 4866 mittitque

224 4888 367 4934 Vdnmru.
1301 4888 1314 4934 1
