3525 5692
710 703 751 746 us
776 671 886 747 Amos.
1260 768 1264 779 ι
1367 683 1409 741 2-5

185 878 398 951 comparatus
432 876 503 935 tam
538 876 667 935 statura
702 890 801 949 quem
837 874 936 937 tactis
970 875 1137 936 videretur
1166 873 1286 933 minor.
1317 870 1416 931 quta

186 990 273 1051 bunc
303 1004 430 1063 quoque
461 988 505 1049 ibi
536 988 706 1050 colebatur
737 989 846 1050 socius
876 990 1076 1065 arcitenens,
1109 988 1161 1048 cui
1191 986 1336 1076 astirpe
1358 982 1414 1061 μεδ

184 1104 315 1175 (leiden)
339 1103 480 1165 dabatur
502 1118 624 1164 nomen
648 1100 765 1163 Μίδων
789 1106 825 1173 (Β
848 1105 936 1174 727).
957 1104 1010 1165 Sic
1029 1103 1100 1164 noti
1119 1103 1215 1163 erent
1233 1098 1311 1170 Αἴας
1325 1101 1413 1158 Τελα-

184 1218 298 1294 μώνιος
322 1221 355 1280 et
379 1221 509 1296 Τεῦκρος
533 1219 567 1278 in
590 1218 779 1292 regionibus
802 1219 878 1279 sinu
903 1218 1060 1279 Saronico
1083 1215 1313 1292 conterminis,
1337 1212 1415 1285 Αἴας

186 1329 202 1392 ὁ
221 1331 314 1409 μείων
333 1336 368 1393 et
387 1328 504 1392 Μέδων
523 1332 557 1391 in
576 1332 725 1407 Locride,
747 1332 854 1407 patria
873 1331 1117 1405 antiquissima.
1132 1324 1167 1389 Ὁ
1178 1328 1271 1408 μείων
1283 1330 1410 1402 autem,

184 1448 222 1506 ut
248 1446 321 1520 ipsa
343 1461 398 1506 res
421 1446 500 1522 iert,
524 1448 619 1522 patre
642 1460 755 1506 carere
779 1461 844 1506 non
863 1448 1006 1521 poterat.
1028 1446 1081 1505 Ita
1099 1443 1200 1505 fiebat
1216 1443 1299 1505 Oilei
1317 1441 1415 1502 filius.

185 1560 297 1621 Oileus
332 1573 411 1621 vero
445 1560 609 1635 Apollinis
644 1559 884 1636 appellativum
916 1566 1002 1635 erat,
1033 1573 1097 1632 quo
1130 1559 1164 1618 in
1195 1556 1345 1632 Locride,
1376 1557 1413 1615 ut

184 1673 489 1736 demonstrabimus
529 1674 629 1751 inira,
669 1673 723 1734 bic
757 1673 838 1734 deus
872 1672 1098 1734 invocabatur.
1133 1672 1196 1732 Sed
1231 1674 1265 1732 et
1298 1669 1413 1730 Medon

184 1790 300 1852 eodem
331 1791 425 1865 patre
454 1787 622 1865 utebatur,
647 1790 685 1849 ut
706 1787 831 1849 Teucer
854 1788 952 1848 iuxta
974 1787 1112 1849 Aiacem
1135 1786 1298 1848 maiorem
1324 1787 1414 1844 Triu-

182 1900 295 1980 μώνιος
317 1901 496 1963 dicebatur.
517 1901 679 1963 Homines
697 1901 834 1962 serioris
853 1902 976 1962 aetatis
995 1900 1179 1963 Medontem
1199 1903 1233 1961 et
1251 1901 1414 1962 Teucrum

182 2032 241 2092 pro
271 2014 394 2092 νόθοις,
423 2015 544 2078 Aiaces
574 2031 634 2092 pro
663 2014 799 2094 γνησίοις
822 2014 1019 2077 babuerunt.
1043 2016 1155 2089 Neque
1177 2014 1312 2090 iniuria,
1336 2028 1414 2074 nam

182 2131 213 2190 si
235 2131 397 2206 originem
420 2132 567 2208 spectas,
591 2130 711 2192 Aiaces
735 2130 805 2192 veri
829 2132 924 2192 erant
942 2129 1139 2206 terrigenae,
1159 2129 1284 2190 Teucer
1303 2130 1414 2188 autem

182 2246 216 2305 et
246 2244 361 2306 Medon
392 2244 567 2306 recentiori
598 2244 702 2306 cultui
725 2245 759 2305 in
781 2244 955 2306 Locridem
977 2245 1166 2307 introducto
1188 2244 1296 2304 vitam
1319 2241 1411 2304 debe·

182 2356 272 2418 bant.
310 2357 462 2433 Quinimo
496 2359 627 2419 tantum
663 2358 717 2420 bic
752 2358 860 2419 cultus
894 2357 1012 2436 valuit,
1045 2361 1083 2419 ut
1112 2354 1129 2417 i
1159 2357 1251 2436 μείων
1274 2372 1412 2432 quoque,

182 2472 259 2533 licet
290 2488 308 2534 e
333 2475 424 2534 terra
454 2473 545 2534 esset
574 2473 684 2550 natus,
708 2488 789 2534 mox
811 2472 976 2548 Apollinis
999 2471 1060 2534 Ilei
1082 2477 1205 2549 gnatus
1226 2472 1413 2533 baberetur.

181 2587 293 2661 Neque
328 2588 451 2649 mirum
489 2587 664 2666 videbitur,
701 2589 786 2664 quod
818 2585 834 2648 ὁ
864 2589 969 2667 μείων,
998 2592 1114 2665 utpote
1143 2586 1200 2661 qui
1221 2587 1256 2647 in
1277 2584 1414 2647 Locride

182 2700 415 2778 remansisset,
447 2702 591 2778 plurima
621 2703 757 2778 originis
787 2718 867 2764 suae
890 2704 1032 2765 servarit
1054 2702 1214 2777 vestigia:
1238 2699 1292 2760 bic
1314 2698 1414 2773 igitur

180 2813 216 2874 in
246 2815 459 2877 Locrensium
491 2816 646 2893 coloniis,
677 2819 747 2878 tam
776 2817 1037 2879 occidentalibus
1059 2831 1159 2891 quam
1183 2811 1413 2887 orientalibus,

179 2929 215 2988 in
238 2929 337 2990 Italia
359 2932 393 2990 et
415 2931 450 2991 in
474 2931 600 2994 Troade
623 2933 658 2992 in
681 2932 780 2994 rebus
802 2933 907 2994 sacris
929 2933 1040 2994 locum
1063 2946 1163 2993 suum
1187 2927 1340 2992 obtinuit.

222 3043 395 3105 Lectorum
415 3044 449 3105 in
469 3045 684 3106 commodum
702 3047 816 3121 paucis
834 3047 1072 3123 indicavimus,
1089 3060 1173 3120 quae
1190 3046 1224 3104 in
1245 3040 1411 3119 capitibus

180 3157 395 3231 sequentibus
425 3157 534 3219 fusius
564 3159 808 3223 tractabuntur.
839 3160 1044 3222 Verebamur
1066 3161 1178 3221 autem
1201 3173 1243 3218 ne
1267 3156 1411 3232 disputa·

180 3269 284 3332 tionis
314 3274 450 3333 nostrae
481 3274 576 3336 tenor
605 3288 664 3349 pro
688 3276 855 3336 variarum
879 3291 991 3337 rerum
1013 3274 1228 3336 multitudine
1250 3273 1409 3333 lectorem

182 3385 338 3456 quamvis
369 3386 537 3448 attentum
570 3387 714 3463 effugere
736 3392 859 3464 posset.
887 3390 982 3450 Nunc
1004 3403 1082 3450 vero
1104 3387 1333 3464 praemonitus
1355 3398 1413 3461 per

182 3498 294 3560 varios
326 3515 424 3560 casus
454 3515 577 3576 perque
604 3504 656 3563 tot
678 3502 871 3564 discrimina
895 3517 1005 3566 rerum
1029 3500 1160 3562 itineris
1182 3502 1294 3561 certus
1317 3514 1409 3574 argu·

181 3613 426 3674 mentationem
449 3615 543 3688 sequi
565 3616 696 3690 poterit.

227 3725 340 3786 Unum
379 3741 457 3788 vero
493 3728 562 3789 iam
597 3729 821 3792 absolvimus:
857 3730 1073 3807 probavimus
1107 3728 1292 3790 Homerum
1326 3726 1411 3786 hanc

180 3838 222 3898 ob
245 3853 380 3902 causam
405 3841 524 3903 ambos
550 3842 670 3905 Aiaces
684 3844 762 3931 ¹iere
786 3860 920 3922 semper
943 3845 977 3906 in
1000 3843 1147 3906 carmine
1166 3843 1257 3918 epico
1281 3841 1411 3902 coniun-

180 3949 272 4012 xisse
294 3953 379 4026 quod
403 3956 483 4016 tunc
505 3957 666 4032 temporis
688 3958 779 4019 fama
802 3958 922 4021 borum
944 3960 1086 4020 heroum
1108 3956 1245 4032 originis
1264 3954 1410 4015 nondum

179 4079 316 4139 prorsus
339 4070 429 4128 esset
451 4069 682 4133 intermortua.
707 4071 843 4134 Abierat
866 4074 931 4135 iam
957 4069 973 4132 ὁ
995 4072 1104 4151 μείζων
1126 4070 1269 4146 epatris
1287 4067 1409 4144 natali,

178 4177 287 4239 iactus
329 4181 401 4240 erat
440 4182 669 4263 Telamonius,
705 4187 764 4248 sad
797 4188 947 4249 nondum
982 4186 1183 4248 Salaminius
1218 4183 1409 4244 habebatur.

177 4291 285 4352 Natus
307 4295 380 4353 erat
403 4294 540 4373 Teucer,
563 4301 597 4359 at
621 4300 767 4362 nondum
792 4301 826 4361 in
850 4301 977 4363 Troade
1000 4300 1109 4361 lucem
1129 4298 1300 4375 aspexisse
1319 4296 1411 4358 fama

175 4403 312 4466 ferebat.
345 4407 547 4483 supererant
570 4413 769 4475 documenta
792 4414 980 4492 levissima,
1006 4430 1091 4489 quae
1113 4414 1283 4478 Locridem
1309 4411 1408 4490 respi-

177 4531 251 4578 cere
277 4522 445 4594 cogerent.
