3525 5692
703 739 745 782 11
770 739 878 784 11166,
1340 723 1403 782 103

175 910 257 969 λων”
281 908 521 984 intellegimus,
551 922 716 983 quaenam
740 908 956 982 congruentia
979 923 999 968 a
1021 908 1131 969 Photii
1153 910 1286 969 auctore
1310 906 1408 980 respi-

175 1022 291 1082 cietur.
312 1020 378 1080 sub
399 1036 501 1080 unum
521 1021 623 1095 igitur
642 1022 857 1095 conspectum
878 1020 1087 1094 colleguntur
1099 1020 1245 1096 Dactyli,
1258 1019 1406 1094 Titanes,

177 1133 285 1195 061111
307 1134 450 1210 Lemnii,
470 1134 598 1209 Priapi;
623 1134 741 1207 quibus
766 1133 841 1193 addi
865 1137 1005 1209 possunt
1023 1133 1185 1211 Dioscuri,
1207 1135 1406 1193 daemonum

175 1262 282 1321 genus
312 1246 423 1306 nautis
454 1250 492 1306 ut
524 1245 632 1307 Gabiri
663 1246 878 1322 benevolum,
911 1247 1035 1322 satyri,
1065 1247 1178 1324 Sileni,
1204 1245 1407 1320 Corybantes

176 1360 229 1430 (ci.
261 1359 368 1420 strab.
399 1359 431 1419 X
462 1361 549 1430 466).
582 1360 655 1420 Huc
686 1359 789 1419 etiam
816 1359 961 1433 pertinet
984 1361 1126 1421 daemon
1149 1360 1204 1421 ille
1227 1359 1407 1421 Mercurius

174 1472 344 1546 cyllenius
386 1473 494 1541 (Paus.
530 1471 584 1548 Vi,
629 1473 682 1547 26,
719 1474 767 1545 5);
804 1472 978 1549 Hercules,
1016 1474 1073 1547 qui
1107 1474 1193 1550 apud
1227 1472 1404 1532 Pindarum

174 1586 306 1656 (161111.
338 1585 393 1661 IV,
425 1586 479 1656 89)
510 1588 603 1646 audit
633 1585 756 1664 μορφὰν
787 1587 914 1664 βραχύς,
944 1587 1002 1647 sed
1033 1589 1088 1660 qui
1115 1587 1267 1661 Thespiis
1291 1600 1404 1646 veram

173 1713 271 1759 suam
307 1699 462 1758 naturam
496 1698 701 1758 monstravit
730 1692 895 1776 (Ἡρακλέα
925 1703 989 1771 ταῖς
1019 1698 1191 1778 θυγατράσι
1219 1698 1405 1774 πεντήκοντα

173 1808 280 1882 οὔσαις
303 1815 367 1881 ταῖς
394 1811 519 1871 Θεστίου
543 1808 745 1890 συγγενέσθαι
768 1810 880 1882 πάσαις
906 1809 986 1887 πλὴν
1010 1820 1079 1888 μιᾶς
1104 1809 1137 1871 ἐν
1161 1821 1196 1895 τῇ
1215 1810 1292 1894 αὐτῇ
1311 1811 1405 1870 νυκτί.

172 1925 270 1985 Ρ616.
302 1923 359 1998 IX,
393 1925 447 2000 27,
478 1926 528 1997 6);
559 1938 659 1998 quare
691 1924 838 1997 antiquis
868 1926 968 1986 notus
991 1929 1062 1986 erat
1086 1924 1247 1986 Hercules
1270 1925 1403 1997 quidam

172 2034 189 2096 ὁ
213 2037 399 2112 καλούμενος
422 2046 481 2096 τῶν
502 2031 621 2097 Ἰδαίων
647 2036 814 2096 Δακτύλων
837 2040 871 2098 et
894 2037 1067 2114 Herculea,
1091 2034 1246 2112 δ’Ίδυτος,
1268 2037 1320 2098 cui
1343 2039 1404 2112 pri·

172 2150 290 2211 mitiae
307 2150 458 2211 omnium
475 2165 601 2227 rerum,
626 2152 788 2224 quotquot
811 2155 972 2210 autumno
994 2152 1083 2211 terra
1103 2152 1267 2226 producit,
1293 2149 1404 2228 611616-

174 2264 305 2324 bantur.
337 2263 445 2333 (Paus.
469 2263 530 2339 IX,
561 2264 611 2338 19,
636 2265 677 2334 b).
711 2262 965 2339 quoquoversus
995 2267 1202 2348 spectamus,
1226 2263 1345 2336 ubique
1371 2263 1405 2322 in

174 2376 332 2437 Graeciae
368 2374 528 2450 religione
563 2375 799 2449 antiquissima
831 2375 1020 2450 detegimus
1055 2378 1235 2438 daemones
1268 2377 1407 2450 vegetae

174 2489 357 2550 fertilitatis
398 2485 504 2562 figura
544 2487 764 2562 ithyphallica
804 2489 1012 2565 conspicuos,
1058 2489 1136 2550 alibi
1170 2490 1236 2550 alia
1270 2489 1406 2549 nomina

173 2604 338 2677 gerentes,
361 2601 420 2662 sed
443 2600 562 2674 quibus
584 2600 711 2661 indoles
734 2603 832 2674 atque
856 2603 976 2662 natura
999 2601 1117 2676 ubique
1141 2618 1206 2664 une
1226 2604 1406 2676 eademque

171 2716 245 2776 fuit.
269 2715 379 2789 Neque
402 2715 516 2788 negari
538 2716 648 2789 potest
672 2714 927 2788 haudquaquam
951 2713 1141 2776 Dardanum
1159 2715 1273 2792 illum,
1296 2715 1406 2788 quiin

173 2831 271 2890 antro
305 2828 457 2888 Mercurii
491 2827 680 2902 Triphyliae
715 2830 816 2888 natus
850 2830 936 2904 erat,
968 2827 1046 2889 11661
1075 2829 1108 2889 11
1140 2830 1285 2890 carmine
1316 2828 1407 2903 epico

173 2956 289 3002 varam
308 2940 439 3000 exuerit
457 2941 625 3015 naturam,
643 2938 826 2999 aDardano
839 2939 1070 3002 Samothraoio
1082 2940 1188 3002 1111666
1201 2941 1407 3002 dissimilem.

172 3053 245 3115 Non
264 3053 436 3114 nescimus
455 3053 613 3114 Herodoti
636 3053 857 3113 sententiam:
885 3051 940 3129 ,τὰ
964 3054 1125 3133 Καβείρων
1149 3052 1234 3133 ὄργια
1254 3053 1289 3113 τὰ
1302 3058 1407 3131 Σαμο-

173 3165 299 3245 θρήικες
329 3162 510 3226 ἐπιτελέουσι
540 3165 765 3244 παραλαβόντες
799 3163 883 3245 παρὰ
918 3167 1106 3246 Πελασγῶν”
1143 3167 1185 3238 (ΙΙ
1220 3169 1273 3238 51)
1309 3167 1405 3229 hodie

173 3282 290 3355 utpote
309 3279 350 3340 ab
367 3279 530 3340 Hecataeo
549 3279 762 3354 desumptam
782 3279 986 3355 addubitari;
1000 3280 1124 3354 optime
1136 3281 1263 3341 scimus
1276 3280 1403 3341 cultum

174 3394 285 3468 ipsum
326 3390 531 3470 cabirorum,
569 3407 646 3453 cum
680 3407 801 3452 nomen
835 3392 1046 3467 phoenicium
1081 3408 1154 3454 6666
1188 3394 1349 3470 videatur,
1385 3409 1405 3454 a

174 3505 390 3568 Phoenicibus
421 3506 592 3566 invectum
622 3505 752 3582 haberi,
783 3506 841 3566 sed
868 3506 936 3565 iam
967 3504 1121 3566 Welcker
1151 3505 1215 3576 (Gr.
1244 3506 1332 3568 cett.
1356 3506 1406 3566 III

179 3621 241 3683 173
265 3623 346 3693 sqq.)
370 3619 501 3679 monuit
523 3619 779 3694 discrepantiam
800 3621 933 3680 exstare
951 3619 1039 3679 inter
1057 3618 1257 3682 Phoenicum
1272 3618 1406 3680 Cabiros

175 3735 260 3812 (,die
301 3731 504 3793 hulireichen
546 3732 674 3792 Maohte
707 3732 740 3791 in
776 3732 833 3793 der
867 3733 932 3792 Not
967 3733 1026 3792 des
1057 3732 1210 3793 Sturmes
1246 3733 1313 3793 und
1349 3733 1406 3793 der

175 3846 337 3922 Wogen’o
360 3848 394 3906 61
417 3842 551 3906 cathos
575 3845 731 3905 Lemnios
755 3846 840 3921 (,die
864 3845 975 3906 (laben
1000 3846 1057 3906 der
1079 3846 1165 3907 Drde
1195 3846 1407 3922 spendenden

173 3960 410 4029 Daemonen'’).
430 3958 518 4019 Num
536 3959 621 4020 16116
641 3958 862 4020 Samothracii
881 3956 989 4019 Gabiri
1008 3959 1049 4020 ab
1068 3959 1163 4021 initio
1182 3959 1408 4034 navigationis

174 4073 301 4134 luerint
333 4073 525 4147 daemones,
561 4087 626 4132 non
658 4076 752 4132 curat
773 4072 897 4133 Robert
924 4072 1195 4144 (Preller·Robert
1224 4072 1278 4134 Gr.
1303 4072 1406 4146 Myth.
1479 4105 1480 4110 κ

175 4204 206 4262 p.
231 4186 314 4246 849:
341 4185 438 4261 ,dass
468 4201 509 4245 zu
541 4187 764 4246 untersuohen
795 4186 840 4246 ist
868 4187 961 4247 nicht
992 4201 1110 4247 unsere
1134 4184 1283 4254 866161.
1311 4184 1407 4246 Nullo

174 4302 288 4361 autem
318 4298 535 4360 luculentiore
565 4299 763 4359 documento
793 4299 1016 4360 demonstrari
1045 4300 1155 4375 potest
1173 4299 1261 4359 idem
1285 4313 1409 4358 numen

174 4416 246 4474 tam
278 4426 434 4486 agrorum
464 4411 618 4473 felicitati
644 4427 744 4485 quam
775 4412 938 4473 fluctuum
971 4413 1076 4474 motui
1102 4412 1287 4487 prospicere
1310 4426 1409 4486 posse
1432 4419 1471 4466 rs

174 4540 276 4599 quam
307 4525 459 4600 Neptuno
485 4525 647 4609 Φυταλμίῳ
671 4527 706 4586 61
727 4525 877 4601 Neptuno
903 4521 1074 4603 dilutiore
1097 4526 1184 4586 inter
1206 4540 1243 4586 66
1268 4523 1408 4586 collatis.

175 4639 228 4699 Sic
259 4639 348 4698 inter
381 4653 417 4699 se
452 4638 618 4700 coniuncti
649 4642 729 4700 suut
760 4638 896 4700 Telamo
927 4655 1050 4701 numen
1082 4654 1243 4713 aquarum
1267 4641 1301 4700 ot
1325 4639 1410 4700 Aiax

175 4752 318 4811 daemon
367 4750 541 4812 Locrensis
583 4753 705 4813 virium
747 4753 960 4814 terrestrium
1002 4753 1128 4828 genius.
1175 4753 1411 4838 Demonstrars
