3525 5692
544 997 548 1004 .
641 879 1021 966 consensius
1052 867 1277 968 oensis,

343 1257 390 1318 De
412 1257 525 1318 Aiacis
546 1257 686 1334 origine,
710 1256 811 1334 cultu,
837 1258 945 1332 patria
948 1301 1344 1319 ........

498 1372 524 1433 Ι.
566 1371 613 1431 De
635 1371 748 1431 Aiacis
771 1367 902 1452 ἀτρωσίᾳ
926 1371 1011 1447 apud
1037 1371 1232 1432 Pindarum.
1281 1415 1287 1432 .
1338 1416 1345 1430 .
1439 1373 1455 1430 1

479 1486 521 1546 ΙΙ.
563 1486 610 1547 De
634 1486 746 1546 Aiacis
769 1481 899 1566 ἀτρωσίᾳ
923 1483 1008 1559 apud
1031 1483 1288 1546 Philostreium.
1336 1529 1357 1570 .
1436 1485 1455 1544 5

460 1600 518 1660 111.
561 1600 608 1660 De
645 1599 756 1660 Aiacis
797 1594 928 1680 ἀτρωσίᾳ
969 1597 1055 1673 apud
1093 1598 1276 1659 Homerum
1311 1600 1345 1658 ei

610 1713 695 1789 apud
718 1713 863 1787 tragicos
890 1755 1343 1773 .........
1435 1711 1454 1770 7

465 1826 520 1887 IV.
563 1825 678 1885 Αἴαντε
724 1869 1343 1888 ............
1416 1825 1455 1884 13

481 1941 519 2002 V.
560 1941 607 2001 De
626 1941 753 2002 ratione
771 1956 854 2016 quae
873 1941 959 2000 inter
978 1940 1161 2002 Minervam
1181 1941 1211 2000 el
1226 1940 1345 2000 Aiaces

608 2055 783 2116 intercedit
833 2097 1342 2116 ..........
1412 2053 1454 2112 26
1585 2053 1587 2057 ’

465 2168 519 2230 VI.
562 2168 609 2228 De
631 2168 799 2229 Minervae
823 2168 856 2228 in
880 2167 1032 2229 Achaeos
1056 2168 1106 2227 ira
1115 2210 1344 2228 .....
1413 2168 1456 2227 30

450 2282 522 2342 VII.
564 2282 673 2342 Pauca
695 2283 735 2343 de
758 2281 925 2343 Minervae
948 2281 982 2341 in
1005 2281 1107 2342 Iliade
1131 2279 1281 2356 partibus
1336 2325 1343 2342 .
1412 2282 1455 2341 39

434 2395 522 2458 VIII.
563 2395 610 2456 De
633 2395 745 2456 Aiacis
771 2398 904 2471 natura,
930 2394 1035 2471 cultu,
1059 2394 1185 2469 origine
1225 2438 1233 2455 .
1280 2439 1288 2454 .
1335 2438 1343 2455 .
1411 2395 1454 2455 42

464 2509 522 2571 IX.
566 2508 752 2587 Τελαμώνιοι
777 2551 1342 2571 ...........
1412 2509 1455 2569 50

474 2625 516 2686 Χ.
561 2627 692 2702 Τεῦκρος
724 2665 1343 2686 ............
1412 2623 1453 2683 53

452 2739 510 2800 ΧΙ.
555 2737 698 2815 Τελαμών
723 2781 1341 2799 ............
1412 2737 1454 2796 65

444 2853 519 2913 XII.
561 2851 608 2913 De
630 2850 733 2912 Enalo
756 2850 860 2925 deque
883 2848 1057 2911 Vrambelo
1111 2893 1119 2910 .
1168 2835 1177 2910 .
1224 2836 1236 2911 .
1280 2894 1287 2910 .
1335 2895 1342 2911 .
1412 2852 1453 2911 77

427 2966 518 3026 XIII.
560 2965 607 3026 De
629 2964 775 3026 Locridis
798 2964 915 3027 incolis
938 2964 1183 3038 antiquissimis
1225 3012 1233 3029 .
1281 3010 1288 3026 .
1336 3011 1343 3026 .
1413 2965 1455 3026 79

428 3080 516 3141 XIV.
557 3080 605 3141 De
628 3080 728 3141 Aiace
752 3079 836 3140 Oilei
854 3077 922 3140 illio
944 3123 1341 3140 ........
1410 3080 1452 3140 83

448 3195 519 3256 XV.
559 3195 606 3257 De
629 3194 742 3256 fabula
764 3194 907 3268 quadem
931 3193 1177 3254 Philostratea.
1226 3240 1232 3254 .
1281 3239 1287 3255 .
1334 3238 1341 3255 .
1411 3195 1453 3254 89

426 3309 513 3370 XVI.
557 3308 773 3386 Quaestiones
796 3307 959 3380 quaedam
983 3306 1231 3381 genealogicae.
1279 3354 1287 3370 .
1335 3355 1342 3372 .
1413 3309 1455 3369 94

412 3422 515 3483 XVII.
558 3423 723 3496 Parergon
745 3420 1008 3496 mythologicum
1056 3465 1341 3483 ......
1410 3424 1453 3483 99

396 3536 516 3599 XVIII.
559 3535 606 3597 De
630 3535 797 3618 virginum
820 3534 1020 3596 locrensium
1044 3533 1228 3596 sacriiicio.
1277 3580 1284 3596 .
1333 3582 1340 3597 .
1389 3538 1452 3597 104

427 3652 517 3713 XIX.
558 3650 606 3710 De
629 3649 833 3710 Dauniarum
856 3648 999 3722 quodam
1023 3661 1116 3708 more
1139 3648 1280 3710 solemni
1334 3695 1341 3710 .
1390 3652 1453 3712 124

441 3766 514 3828 XX.
556 3765 603 3825 De
627 3764 717 3826 Oileo
721 3806 1338 3827 ............
1388 3765 1451 3824 128

560 3879 715 3954 Epilogus
718 3920 1338 3940 ............
1388 3879 1450 3938 133

338 4079 385 4139 De
407 4078 634 4140 Amazonibus
662 4121 1338 4140 .............
1388 4079 1564 4141 137-150

337 4192 384 4253 De
407 4191 543 4253 Oarneis
549 4233 1336 4254 ...............
1386 4193 1560 4253 lid-181

263 4374 265 4378 ⁸
336 4306 383 4367 De
405 4305 644 4381 Eugemmonis
666 4304 845 4378 Telegonia
885 4347 1336 4366 .........
1385 4307 1561 4367 las-216

337 4506 467 4568 Indices
488 4547 1335 4569 ................
1382 4505 1560 4567 217-227

470 4619 574 4681 Index
595 4619 742 4680 locorum
776 4661 1336 4681 ...........
1383 4620 1447 4680 217

470 4734 574 4795 Index
597 4748 708 4794 rerum
716 4775 1335 4798 ............
1383 4732 1448 4793 226

837 4868 1067 4877 -..-..--.--
