3525 5692
374 726 417 784 32
896 741 938 785 nn
960 741 1072 789 Ardor.

370 915 568 988 argumenta
587 887 724 974 contusa
743 915 778 975 et
795 914 951 975 intricata
969 915 1133 991 videntur,
1153 915 1309 988 quoniam
1323 930 1399 975 cum
1411 915 1596 976 narratione

371 1027 540 1089 homerica
565 1027 725 1104 simplici,
751 1031 788 1089 ut
810 1028 995 1105 apparebit,
1020 1031 1054 1089 et
1075 1028 1241 1105 pellucida
1262 1030 1459 1104 coniungere
1481 1043 1597 1089 conan-

369 1144 423 1201 tur
442 1156 567 1202 novam
586 1140 757 1218 fabellam,
775 1157 840 1215 qua
852 1142 957 1203 ritum
969 1142 1148 1216 quemdam
1159 1143 1375 1204 Locrensium
1386 1143 1597 1218 explicabant

368 1255 503 1331 posteri.
535 1253 703 1317 Homerus
730 1257 819 1317 enim
843 1257 940 1317 iuxta
963 1256 1053 1317 lovis
1075 1256 1161 1318 iram
1183 1257 1224 1318 ob
1248 1257 1390 1318 Graecos
1408 1247 1595 1331 'superbien-

370 1371 422 1429 tes
456 1372 490 1429 et
524 1369 670 1430 nefarios
705 1372 923 1446 commotam,
959 1369 1063 1431 allam
1096 1371 1191 1431 novit
1221 1371 1305 1431 iram
1335 1385 1357 1430 a
1386 1371 1532 1431 Minerva
1559 1370 1595 1431 in

369 1482 501 1544 Danaos
531 1486 740 1562 conceptam,
772 1485 885 1546 Aiacis
916 1500 995 1545 vero
1026 1484 1137 1545 scelus
1167 1500 1233 1546 non
1259 1485 1368 1562 novit,
1391 1498 1498 1558 neque
1520 1483 1594 1544 (ias-

369 1598 509 1658 sandrae
543 1600 691 1675 raptum,
727 1613 832 1674 neque
866 1599 1003 1660 Aiacem
1034 1614 1055 1659 a
1085 1599 1220 1660 Graecia
1249 1599 1391 1674 petitum
1420 1597 1594 1672 lapidibus.

371 1711 493 1772 Omnia
521 1727 606 1785 quae
633 1713 769 1774 Aiacem
800 1712 940 1788 virginis
962 1715 1129 1788 raptorem
1153 1715 1308 1789 spectant
1329 1712 1457 1773 Persidi
1479 1711 1594 1772 deben-

369 1827 435 1901 tur,
466 1840 545 1886 nam
575 1826 610 1886 in
634 1827 856 1903 caprimum,
881 1832 920 1887 ut
941 1827 1081 1904 videtur,
1106 1827 1191 1887 ritus
1212 1827 1387 1887 Locrensis
1408 1827 1539 1902 priscus
1560 1828 1595 1886 et

367 1938 528 2001 solemnis
547 1940 691 2001 formam
710 1941 818 2029 induit
836 1941 1011 2015 poeticam.
1030 1939 1215 2017 Nitebatur,
1234 1942 1271 2001 ut
1291 1941 1377 2001 inira
1395 1940 1594 2016 videbimus,

369 2053 422 2114 bic
441 2054 527 2114 ritus
546 2054 604 2115 illa
622 2055 695 2130 ipsa
714 2055 877 2115 discordia
896 2055 984 2116 inter
1004 2055 1186 2124 Minervam
1206 2057 1239 2116 et
1259 2055 1379 2116 Aiaces
1397 2056 1594 2131 exercitata,

369 2168 463 2228 cuius
488 2169 628 2243 vestigia
649 2170 684 2229 iu
707 2169 853 2230 Homero
876 2169 1080 2244 detegimus
1104 2169 1239 2244 vigebat
1261 2169 1348 2230 forte
1366 2170 1434 2230 iam
1453 2169 1538 2230 ritus
1551 2199 1590 2212 -

370 2286 406 2345 at
427 2300 493 2346 non
515 2285 549 2344 in
572 2285 697 2345 Troade
722 2317 763 2328 —
788 2287 896 2346 aetate
920 2285 1102 2362 homerica,
1127 2287 1162 2345 at
1185 2284 1332 2345 nondum
1351 2286 1448 2360 poeta
1467 2283 1594 2359 opicus,

369 2413 452 2470 quae
470 2397 594 2458 flebant
612 2398 790 2476 solemnia,
814 2399 953 2474 poeticis
976 2399 1123 2459 inventis
1146 2397 1313 2458 illustrare
1335 2399 1570 2473 temptaverat.

413 2511 451 2570 ln
474 2512 619 2573 Homero
644 2527 721 2573 varo
745 2513 1085 2588 reperiebatur'Iovis
1106 2513 1156 2574 ira
1179 2512 1214 2572 in
1237 2512 1378 2573 Graecos
1397 2512 1569 2588 abeuntes,

858 2623 922 2686 ἐπεὶ
946 2623 984 2686 od
1006 2648 1034 2685 τι
1057 2624 1208 2703 νοήμονες
1231 2619 1304 2685 οὐδὲ
1327 2623 1441 2686 δίκαιον

592 2739 701 2812 πάντες
725 2738 815 2800 ioco!

368 2854 486 2927 quibus
517 2854 626 2915 verbis
657 2851 763 2938 (ἀδίκῳ
794 2856 828 2915 at
851 2850 981 2938 ιἰνοήιρι)
1005 2857 1138 2930 poetam
1162 2854 1327 2915 indicasse
1350 2854 1459 2916 scelus
1482 2854 1594 2915 Aiacis

368 2964 507 3045 ἀνόσιον,
533 2968 645 3029 nullus
668 2969 763 3029 credo
788 2967 980 3045 affirmabit,
1006 2985 1047 3030 ne
1066 2969 1096 3029 is
1115 2968 1262 3044 quidem,
1284 2983 1383 3042 quem
1403 2967 1489 3028 baud
1509 2967 1593 3041 sugit

368 3079 405 3140 τὰ
439 3079 603 3160 ἀφροδίσια
638 3083 805 3145 interdum
840 3084 939 3144 attice
959 3084 1106 3145 indicari
1137 3097 1219 3145 voce
1248 3079 1387 3157 ἀνοήτων
1417 3081 1486 3149 (Ar.
1509 3079 1591 3139 Nub.

369 3211 418 3256 vs.
443 3197 527 3270 417;
553 3196 681 3266 schol).

412 3311 537 3371 Iterum
562 3311 661 3372 buius
685 3312 752 3371 irae
776 3310 814 3371 tit
836 3313 963 3373 mantio
986 3334 1005 3391 y
1031 3313 1094 3372 160
1117 3327 1209 3385 sqq.:

857 3424 935 3497 Ζεὺς
958 3419 987 3485 d’
1013 3422 1100 3485 odeo
1119 3419 1242 3502 ’μήδετο
1264 3421 1374 3483 νόστον

547 3535 690 3617 σχέτλιος,
712 3533 745 3610 ὃς
769 3533 795 3619 ῥ’
822 3537 888 3618 ἔριν
911 3531 988 3619 ὦρσε
1010 3537 1109 3617 ιιοιιιήν
1133 3536 1181 3599 lei
1204 3538 1345 3617 δεύτερον
1369 3528 1464 3608 αὖτις.

412 3653 487 3731 Sed,
516 3657 554 3714 ut
582 3656 649 3715 iam
681 3653 948 3730 observavimus,
980 3655 1076 3715 iuxta
1098 3655 1184 3715 banc
1207 3654 1299 3715 Iovis
1322 3654 1407 3713 iram
1431 3650 1592 3711 vindicias

367 3768 460 3828 novit
492 3771 590 3843 poeta
624 3768 762 3830 alterius
796 3769 945 3830 numinis
981 3773 1117 3830 cunctos
1146 3770 1180 3830 in
1212 3769 1353 3830 Graecos
1376 3765 1588 3840 exercitatas,

367 3897 486 3958 nempe
519 3884 667 3944 numinis
698 3884 857 3946 Troianae
880 3885 968 3945 arcis
990 3885 1159 3961 tutelaris,
1183 3899 1267 3958 quae
1290 3882 1369 3944 licet
1392 3883 1482 3943 esset
1503 3881 1592 3941 victa

368 3997 510 4057 victores
532 3998 644 4059 salvos
667 3998 757 4059 abire
780 4014 846 4059 non
869 3998 1002 4059 sinebat
1024 4013 1171 4072 quaeque
1196 3996 1303 4076 μήνιος
1321 3994 1356 4069 ἓξ
1380 3992 1469 4074 ὀλοῆς

589 4107 654 4189 ἔριν
676 4111 839 4194 Ἀτρεΐδῃσι
861 4104 920 4189 μετ’
944 4107 1160 4191 ἀμφοτέροισιν
1182 4109 1286 4192 ἔθηκε.

411 4223 556 4285 Vocatur
589 4225 721 4298 quidem
756 4225 818 4286 hoc
849 4240 973 4287 numen
1003 4241 1024 4286 a
1053 4229 1151 4303 poeta
1173 4225 1361 4307 γιούιοιιις,
1382 4220 1590 4304 ὀβριμοπάτρη

364 4341 487 4416 Ἀθηνᾶ,
508 4339 567 4400 sed
587 4338 655 4399 iere
675 4353 960 4414 supervacaneum
980 4340 1111 4402 videtur
1122 4341 1299 4402 observare
1311 4340 1397 4400 banc
1408 4339 1589 4399 Minervam

365 4467 501 4528 prorsus
535 4453 702 4513 diversam
732 4453 837 4513 fuisso
867 4453 908 4513 ab
938 4453 1009 4531 illa,
1042 4470 1125 4528 quae
1149 4454 1284 4532 Achilli,
1308 4452 1473 4528 Diomedi,
1497 4449 1589 4510 Ulixi

364 4567 486 4627 iterum
517 4568 615 4640 atque
646 4566 769 4627 iterum
802 4569 917 4628 contra
947 4567 1106 4629 Troianos
1129 4583 1226 4644 opem
1249 4569 1337 4630 tulit.
1361 4566 1510 4641 Usurpat
1531 4563 1590 4624 illa

366 4679 538 4760 »πρόμαχος
561 4681 736 4755 Pergami”
761 4696 884 4741 nomen
907 4680 1070 4758 alienum,
1090 4685 1230 4757 usurpat
1248 4683 1283 4742 in
1302 4681 1385 4742 libro
1397 4678 1590 4742 recentioris

365 4796 484 4856 aetatis
515 4797 561 4865 (Z)
592 4794 767 4871 templum,
799 4795 885 4867 quod
912 4794 1081 4856 homerica
1112 4798 1200 4857 certe
1230 4797 1339 4857 aetate
1369 4796 1402 4855 in
1426 4808 1500 4855 arce
1523 4772 1603 4852 non
