3525 5692
735 743 777 788 nr
799 743 911 788 Arbor.
1388 729 1430 790 29

207 915 329 977 vilius?
353 916 519 992 Quantum
543 918 695 978 mutatus
719 918 760 977 ab
782 916 849 994 illo,
870 917 926 990 qui
946 932 1101 977 unacum
1113 911 1307 979 Telamonio
1320 917 1431 992 ignem

205 1044 226 1089 a
249 1030 451 1092 Graecorum
474 1031 615 1092 navibus
638 1045 750 1092 arcere
773 1031 970 1092 conabatur!
995 1031 1123 1106 Quanto
1146 1029 1285 1092 nobilior
1304 1032 1432 1093 videtur

205 1145 375 1206 Thersites
409 1161 488 1221 prae
521 1146 584 1207 hoc
615 1147 825 1222 imperatore.
856 1146 904 1207 Ne
935 1146 1009 1206 Irus
1039 1145 1171 1218 quidem
1203 1161 1221 1206 s
1252 1147 1434 1209 certamine

206 1275 282 1319 cnm
304 1258 404 1320 Ulixe
427 1259 509 1321 inito
533 1260 687 1320 discessit
710 1261 768 1321 sio.
792 1259 953 1322 Meliusne
976 1261 1074 1335 poeta
1092 1258 1278 1335 significare
1290 1262 1432 1338 poterat,

204 1387 304 1444 quam
336 1373 465 1433 invisus
488 1373 656 1436 Minervae
679 1374 779 1436 luerit
802 1373 855 1435 hio
878 1375 991 1449 heroa,
1016 1387 1115 1446 qnam
1139 1373 1321 1448 despicatui
1345 1378 1436 1436 esset

204 1486 333 1548 cunctis
355 1487 524 1548 Achaeis?

248 1601 407 1661 Attamen
430 1601 556 1662 nullam
576 1603 731 1676 rapuerat
749 1600 988 1678 Cassandram,
1008 1601 1137 1663 nullam
1157 1601 1298 1663 violarat
1317 1601 1432 1665 Miner·

202 1730 264 1776 vae
294 1730 397 1776 aram.
429 1716 541 1789 Neque
572 1715 632 1776 tali
656 1715 754 1777 modo
776 1716 909 1777 locutus
932 1715 1053 1776 luisset
1074 1717 1173 1791 poeta
1194 1714 1270 1776 libri
1297 1719 1342 1794 Ψ,
1367 1718 1432 1778 nisi

202 1829 355 1891 conscius
377 1828 440 1889 sibi
462 1829 597 1906 fuisset,
621 1829 705 1890 talia
729 1829 799 1890 lore
823 1830 1012 1891 auditorum
1037 1831 1201 1891 emente.

246 1943 395 2005 Observa
418 1946 531 2004 autem
552 1945 713 2006 maiorem
733 1959 861 2017 quoque
880 1943 1017 2005 Aiacem
1040 1943 1131 2005 hisce
1143 1944 1177 2004 in
1190 1945 1429 2006 certaminibus

202 2057 332 2118 nullum
362 2057 491 2118 auterre
520 2058 706 2134 praemium
735 2058 948 2134 primarium,
976 2057 1109 2119 vincere
1132 2073 1207 2119 eum
1231 2073 1337 2133 neque
1358 2059 1430 2121 Dio·

202 2171 349 2248 medem,
370 2187 475 2245 neque
500 2171 648 2249 Ulixem,
673 2186 793 2250 neque,
818 2172 903 2246 qnod
928 2171 1002 2248 plus
1021 2174 1087 2247 ost,
1107 2171 1324 2247 Polypoetem
1336 2173 1430 2249 Lapi-

202 2287 307 2346 tham.
342 2285 495 2361 Quinimo
529 2288 668 2348 tertium
702 2301 831 2361 quoque
866 2303 884 2347 e
918 2287 1038 2364 triade,
1074 2286 1237 2348 Teucrum
1270 2286 1304 2347 in
1334 2302 1432 2348 arcus

204 2401 387 2461 certamine
409 2401 537 2462 minore
560 2401 709 2477 praemio
731 2402 888 2477 dignatur
910 2403 1018 2476 poeta.

248 2515 440 2578 Fortuitone
474 2515 557 2576 haec
591 2516 728 2579 omnia?
769 2516 822 2575 An
859 2516 991 2590 ingrata
1034 2515 1203 2576 Minervae
1244 2515 1328 2576 trias
1367 2515 1432 2576 luit

202 2631 341 2691 nostra?
372 2629 588 2691 Conferamus
618 2629 721 2690 alium
743 2630 894 2705 heroem,
919 2629 974 2702 qui
996 2630 1115 2690 iisdem
1139 2629 1173 2689 in
1196 2628 1434 2691 certaminibus

201 2743 285 2804 libro
324 2745 358 2802 Ψ
388 2743 564 2819 descriptis
598 2746 729 2820 praeter
757 2744 901 2805 triadem
932 2747 1084 2805 nostram
1115 2743 1256 2805 babetur
1278 2743 1431 2805 ludibrio.

201 2857 363 2918 Volumus
386 2858 521 2932 speum.
545 2858 657 2918 Vincit
681 2857 812 2932 quidem
837 2856 1018 2931 Euryalum
1038 2856 1203 2933 pugilatu,
1223 2858 1259 2917 at
1277 2857 1310 2918 id
1330 2860 1432 2919 certa·

165 2969 168 2973 ’
202 2972 303 3032 minis
326 2987 431 3047 genus
454 2973 573 3033 victori
596 2987 663 3032 non
686 2972 752 3032 nisi
774 2972 976 3033 mediocrem
994 2973 1126 3046 poterat
1144 2972 1263 3033 afferre
1281 2971 1434 3046 gloriam.

203 3086 440 3162 Periculorum,
476 3085 627 3147 dolorum
663 3085 870 3146 acerbiorum
903 3088 956 3148 est
986 3086 1132 3162 plenum.
1162 3086 1330 3161 Quaenam
1353 3089 1434 3147 sunt

201 3201 372 3276 praemia?
402 3199 509 3261 Mulns
539 3202 573 3260 et
599 3199 756 3275 poculum
778 3199 869 3261 nullo
894 3216 991 3276 opere
1015 3201 1142 3261 caelato
1165 3199 1306 3275 insigne.
1330 3200 1432 3261 Hisce

201 3330 278 3375 cnm
295 3315 454 3390 praemiis
473 3315 584 3375 confer
602 3313 675 3390 illa,
700 3328 784 3387 quae
807 3314 1026 3376 luctatoribus
1047 3313 1435 3393 proponunturzvpbrodc

204 3426 443 3506 δυωδεκάβοιον,
463 3431 595 3507 γυναῖκα
618 3426 845 3507 τεσσαράβοιον.
867 3428 1016 3503 Apparet
1034 3431 1198 3501 quantum
1217 3443 1295 3504 prae
1314 3428 1434 3490 ceteris

201 3539 289 3602 ludis
318 3542 468 3603 sorderet
497 3541 674 3617 pugilatus.
699 3540 921 3603 Barbarorum
944 3541 1073 3602 scilicet
1096 3541 1270 3603 videbatur
1293 3543 1432 3604 oblecta·

203 3658 373 3731 mentum;
397 3657 504 3718 victor
527 3659 641 3719 autern
664 3656 838 3718 barbarus.

246 3770 328 3831 Ecce
359 3774 473 3832 autern
504 3771 545 3832 ad
576 3770 665 3832 aliud
695 3773 866 3833 certamen
889 3770 998 3831 socios
1021 3772 1179 3846 provocat
1202 3769 1365 3847 Achilles,
1390 3772 1432 3832 ad

202 3883 405 3962 draconarius.
430 3885 574 3960 Surgunt
592 3885 791 3960 Polypoetes
810 3884 964 3961 Lapitha,
986 3868 1151 3946 Leonteus
1169 3883 1324 3961 Lapitha,
1345 3884 1430 3945 Aiax

201 3998 429 4076 Telamonius,
451 3999 568 4075 Epeus,
584 4000 698 4060 Victor
717 3999 829 4060 evadit
848 3999 1056 4075 Polypoetes.
1077 3999 1159 4074 Quid
1171 4000 1283 4060 autem
1296 3999 1429 4074 Epeus?

424 4109 519 4190 ἑξείης
541 4107 569 4172 δ’
585 4111 717 4190 ἵσταντο,
739 4110 830 4176 σόλον
855 4106 883 4172 δ’
898 4109 945 4172 ἕλε
968 4112 1033 4184 δῖος
1053 4106 1187 4190 Ἐπειὸς,

423 4216 477 4303 ἧκε
501 4221 534 4286 δὲ
557 4224 693 4304 δινήσας·
713 4219 857 4307 ’γέλασαν
881 4220 909 4285 d’
937 4222 986 4286 aa
1008 4224 1118 4298 πάντες
1140 4223 1267 4304 Ἀχαιοί..

245 4339 384 4402 Ridendi
407 4356 544 4402 oausam
568 4355 634 4402 nou
658 4341 784 4402 addidit
806 4343 922 4417 poeta,
945 4342 980 4400 at
1003 4355 1085 4416 opus
1107 4355 1173 4401 non
1196 4342 1279 4401 erat.
1298 4339 1431 4401 Intelle-

201 4456 311 4530 gimus
341 4454 408 4514 δῖον
430 4455 527 4517 illum
550 4456 689 4532 Epeum,
715 4470 815 4528 quem
839 4469 940 4531 supra
963 4454 1180 4529 cognovimus
1202 4454 1323 4515 fuisse:
1351 4453 1429 4528 ,the

200 4569 463 4643 representative
498 4569 535 4630 oi
565 4568 662 4630 brute
693 4569 871 4644 strength’
903 4568 1020 4649 (Lean,
1052 4569 1108 4641 qui
1131 4569 1279 4629 omniurn
1304 4567 1432 4643 primus

199 4673 384 4758 arripuerat
406 4682 550 4760 discum,
575 4683 722 4744 motibus
744 4681 949 4758 agrestibus,
975 4682 1064 4741 iactu
1083 4682 1235 4743 indecoro
1255 4683 1289 4742 et
1308 4681 1432 4741 infelici

201 4795 350 4856 movisse
375 4797 564 4858 cachinnos.
