3525 5692
681 712 722 756 888
746 711 855 756 arnon.
1337 699 1380 758 49

107 879 116 894 ’
152 885 294 947 aliorum
328 884 541 961 populorum
558 884 677 944 ritibus
713 884 901 945 subsidium
932 884 1111 958 petendum
1144 898 1218 946 8888
1250 886 1381 946 ducant.

23 1061 28 1068 ,
154 1001 208 1060 Sic
241 999 384 1074 tegimus
419 998 504 1074 apud
538 997 725 1060 Usenerum
756 995 809 1058 τὸν
841 996 1009 1077 μακαρίτην
1040 998 1072 1058 18
1104 997 1186 1059 libro
1217 999 1383 1061 ditissimo

155 1113 436 1189 ,Sinttlutaagcn”
459 1127 489 1186 p.
504 1113 669 1186 alcano:
697 1111 1052 1187 ,Altskandinavische
1076 1112 1154 1173 sitta
1177 1126 1247 1172 war
1266 1128 1302 1174 es
1321 1113 1383 1173 den
1429 1123 1466 1163 »s

153 1226 418 1288 scheiterhaufen
449 1225 502 1285 fur
531 1226 626 1286 einen
650 1225 750 1300 konig
768 1210 845 1285 88188Ι
869 1224 987 1286 beiden
1010 1225 1044 1285 in
1067 1225 1177 1286 einem
1200 1226 1315 1289 schiffe
1342 1243 1382 1287 zu

153 1340 339 1416 scbichten,
376 1341 435 1401 (188
470 1340 555 1400 88818
591 1340 648 1400 dcr
681 1340 894 1415 entziindung
921 1340 979 1400 des
1011 1340 1297 1403 scheiterhauiens
1321 1344 1384 1415 den

154 1455 402 1516 macreswellan
426 1453 618 1514 uberlasscn
638 1455 762 1515 wurda.
783 1454 873 1514 Nach
895 1454 970 1513 dem
990 1453 1153 1515 auihbren
1174 1454 1382 1517 derleichcn·

155 1569 385 1644 verbrennung
403 1568 490 1628 lebte
505 1567 600 1642 jener
619 1567 742 1628 brauch
763 1567 910 1628 insoforn
930 1567 1010 1643 fort,
1032 1569 1081 1627 818
1100 1583 1179 1629 man
1191 1569 1382 1632 dialeichen

153 1685 188 1745 in
222 1683 353 1743 kleinen
387 1681 517 1742 kahnen
552 1682 630 1742 oder
664 1681 797 1741 8118811818
828 1681 1028 1756 gestalteten
1059 1688 1177 1757 sargan
1209 1683 1382 1761 beisetzte,

155 1798 233 1858 odcr
261 1797 338 1858 dass
369 1811 462 1873 man,
494 1796 614 1856 881818
641 1796 837 1872 Schweden,
864 1796 939 1856 dem
964 1797 1114 1870 grabmal
1138 1813 1199 1858 aus
1222 1800 1309 1860 81818
1333 1800 1385 1862 die

153 1913 277 1988 gestalt
300 1913 390 1974 81888
412 1911 547 1973 schiffes
571 1926 612 1970 zu
631 1911 735 1985 geben
753 1911 882 1971 suchte.
902 1911 961 1972 Die
980 1912 1110 1972 Russen
1131 1926 1173 1972 an
1192 1912 1250 1973 der
1268 1912 1385 1989 Wolga

153 2027 254 2088 dbten
277 2041 361 2101 ganz
385 2026 517 2087 ahnlich
540 2026 603 2086 8818
626 2026 678 2086 die
702 2025 941 2086 Skandinavier
964 2027 1016 2087 die
1034 2025 1387 2103 leichenverbrenning

154 2140 213 2200 auf
236 2140 345 2201 einem
364 2139 480 2201 schiffa
499 2154 569 2200 aus.
594 2139 663 2199 Nur
686 2139 827 2214 pflegton
851 2138 942 2199 (11888
965 2139 1025 2199 das
1049 2138 1154 2199 Schiff
1174 2139 1268 2201 nicht
1290 2141 1393 2226 abzuf

153 2256 296 2315 stossen.
329 2251 570 2316 Ausdruclrlicb
602 2253 685 2313 wird
716 2253 773 2313 der
803 2251 1363 2330 818818888888881881888,(18881

155 2367 319 2428 schneller
349 2366 643 2428 (188888818818888
667 2381 704 2426 88
727 2365 922 2444 verbrenne,
947 2382 983 2427 88
1005 2382 1062 2428 um
1086 2382 1123 2428 88
1147 2368 1312 2430 8818881188
1332 2369 1385 2430 188

155 2484 305 2558 88881188
324 2483 457 2558 gefbbrt
467 2483 611 2543 werde.”
624 2483 725 2542 Estne
737 2482 839 2556 igitur
852 2482 1006 2543 navicula
1018 2483 1050 2542 18
1065 2483 1200 2544 Locride
1213 2482 1387 2543 combusta

155 2596 345 2658 vehiculum
364 2613 426 2672 quo
446 2597 533 2658 Aiax
553 2596 586 2657 18
605 2596 756 2670 Elysium
775 2596 1026 2657 transferendus
1045 2599 1141 2657 erat?
1162 2597 1206 2657 At
1225 2597 1307 2657 talia
1319 2613 1383 2658 non

157 2712 360 2787 repetuntur,
386 2726 451 2772 non
474 2709 558 2772 flunt
581 2707 722 2787 ἐιησίαςι

203 2824 543 2886 Animadvertendum
574 2826 607 2886 et
637 2824 715 2884 hoc:
748 2823 877 2898 Opunte
905 2824 1016 2884 Aiacis
1040 2824 1112 2884 erat
1135 2825 1382 2901 cenotaphium,

156 2937 310 3012 8888118888
338 2938 422 3012 apud
453 2938 628 3012 Myconum
652 2952 728 2998 eum
752 2936 911 2998 ferebant.
937 2937 1119 3013 Quotannis
1140 2937 1242 3013 igitur
1264 2954 1384 2999 navem

158 3053 188 3112 ei
218 3052 408 3129 mittebant,
435 3067 524 3126 quac
555 3051 626 3112 8188
657 3052 729 3126 1888
759 3051 794 3110 18
817 3053 906 3111 18888
929 3051 1183 3113 comburebatur
1214 3087 1252 3096 -
1286 3052 1384 3114 881118

156 3181 248 3226 more
271 3173 330 3225 νῶν
354 3162 550 3246 ἐναγιζόντων
576 3199 615 3208 -
640 3165 713 3226 8188
741 3166 879 3226 1888888
902 3166 1057 3227 fluctibus
1080 3166 1287 3241 tradebatur;
1312 3167 1386 3228 vela
1442 3198 1446 3204 ·

156 3279 256 3340 huius
279 3280 374 3340 88818
398 3279 505 3340 881888
529 3281 590 3350 τοῖς
613 3275 792 3358 ἐναγίσμασι
815 3280 944 3355 8888818
966 3280 987 3340 1.
1013 3294 1041 3340 8.
1061 3280 1155 3354 nigro
1175 3283 1271 3341 erant
1292 3281 1384 3342 11818.

201 3392 331 3453 Dixeris
360 3393 453 3454 Aiaci
483 3393 577 3467 quasi
601 3392 766 3469 daemoni,
793 3393 846 3452 cui
868 3394 906 3452 ut
928 3392 1080 3466 Neptuno
1103 3395 1174 3452 iam
1199 3395 1383 3471 terrestria,

156 3520 256 3578 quam
280 3506 449 3567 maritima
472 3505 560 3566 cordi
583 3508 710 3582 888881,
735 3506 821 3566 dona
844 3504 957 3565 votiva
980 3507 1156 3577 quotannis
1176 3507 1281 3567 missa
1299 3521 1384 3568 8888.

155 3618 286 3681 Scimus
309 3621 475 3682 Salamine
499 3621 533 3680 81
556 3619 709 3696 Athenis,
736 3619 791 3680 ubi
817 3617 962 3678 Αἰάνιιια
985 3618 1176 3697 agebantur,
1202 3635 1267 3681 non
1290 3621 1384 3680 mini-

156 3747 247 3792 mam
278 3733 376 3794 huius
406 3733 626 3794 caerimoniae
651 3734 780 3808 partam
810 3733 915 3793 fuisse
938 3730 1066 3809 ἅμιλλαν
1089 3741 1166 3791 νεῶν
1190 3733 1384 3803 (Mommsen

157 3844 256 3909 Festo
286 3863 316 3923 8.
341 3849 406 3908 462
430 3851 530 3922 sqq.);
562 3847 727 3907 memoria
750 3861 876 3921 quoque
900 3848 1054 3907 tenemus
1077 3821 1219 3906 Graecos
1241 3862 1385 3921 pugnam

158 3962 374 4023 Salaminiam
416 3961 558 4022 inituros
600 3956 750 4032 εὔξασθαι
791 3967 866 4018 πᾶσι
900 3963 962 4030 τοῖς
997 3963 1096 4035 θεαῖς,
1133 3957 1265 4018 αὐτόθεν
1300 3954 1326 4018 d’
1354 3958 1386 4019 ia

156 4079 330 4152 Σαλαμῖνος
354 4073 472 4134 Αἴαντά
495 4095 525 4134 τε
549 4070 600 4133 καὶ
626 4077 788 4150 Τελαμῶνα
810 4069 1049 4132 ἐπικαλέσασθαι
1069 4073 1198 4144 (Herod.
1213 4072 1299 4147 VIII,
1320 4076 1384 4150 64),

155 4189 241 4264 quod
263 4189 537 4250 -concedimus
559 4221 599 4232 -
620 4186 887 4262 perbene'facera
906 4189 1074 4262 poterant,
1095 4187 1124 4246 81
1143 4187 1229 4246 18188
1248 4188 1382 4249 Aiacem

154 4304 369 4365 Telamonem
390 4305 423 4363 et
445 4318 537 4364 mare
560 4303 654 4364 nulla
672 4300 827 4363 exstabat
847 4301 941 4361 88118.
963 4300 1135 4376 Quidvero,
1157 4302 1186 4360 81
1204 4300 1386 4361 1881818188

154 4419 333 4490 utrumque
367 4416 499 4478 beroem
543 4418 576 4476 et
620 4431 712 4477 mare
750 4415 828 4476 18118
871 4415 1047 4487 aliquando
1082 4414 1251 4475 exstiterit
1285 4414 1382 4491 ratio,

155 4545 263 4591 nonne
286 4530 407 4590 melius
427 4529 586 4606 explicari
605 4530 736 4606 possint
754 4528 986 4590 navicularum
1007 4527 1222 4605 sacrificium,
1247 4528 1383 4589 navium

155 4646 324 4705 certamen
365 4644 398 4703 18
441 4643 606 4726 81881818,
648 4645 786 4705 heroum
822 4644 1012 4717 praesentia
1046 4643 1157 4704 navali
1192 4644 1225 4703 18
1261 4657 1384 4719 pugna,

154 4755 342 4832 sepulcrum
372 4758 481 4819 medio
512 4758 546 4818 18
574 4759 719 4832 Aegaeo,
745 4756 909 4818 auxilium
934 4757 995 4818 8811
1019 4757 1112 4818 Α1881
1135 4773 1155 4816 8
1177 4758 1326 4832 Neptuno
1350 4757 1383 4816 in

214 4861 361 4905 1111881888.
1292 4864 1305 4905 4
