3525 5692
406 730 448 792 36
940 741 982 787 na
1003 742 1114 787 amca.

403 918 504 979 habet
532 918 631 978 haec:
659 923 767 993 ,rodco
787 909 939 974 Ἐνδοίου
962 909 1070 993 τέχνην
1093 910 1144 972 καὶ
1167 909 1269 984 ἄλλοις
1293 910 1529 991 ἐτεκμαιρόμεθα
1551 904 1631 971 εἶναι

402 1029 454 1092 καὶ
477 1028 506 1102 ἐς
529 1027 584 1108 τὴν
607 1027 751 1110 ἐργασίαν
775 1025 935 1109 ὅρῶντες”.

445 1146 583 1206 Nummi
605 1159 685 1206 vero
706 1143 833 1204 Ilienses
856 1144 1028 1204 incussam
1051 1142 1172 1217 gerunt
1194 1140 1333 1201 Palladii
1355 1141 1538 1215 imaginem
1558 1143 1629 1200 tam

401 1261 500 1321 basta
528 1274 627 1332 quam
651 1258 721 1319 colo
745 1258 923 1319 munitam.
946 1258 986 1317 In
1010 1255 1252 1330 antiquioribus
1272 1256 1390 1317 horum
1414 1271 1629 1317 nummorum

401 1348 466 1435 non
489 1373 703 1447 agnoscimus
726 1371 946 1447 palladiorum
969 1370 1114 1431 formam
1138 1368 1284 1431 solitam.
1310 1371 1458 1430 Minerva
1476 1371 1565 1430 enim
1584 1369 1630 1428 ibi

401 1504 468 1551 non
490 1490 560 1550 stat
582 1483 654 1547 noct
677 1483 885 1579 συμβρβηκάσι
908 1485 967 1545 scd
990 1484 1152 1561 procedit,
1176 1499 1242 1545 non
1267 1485 1365 1545 habet
1388 1485 1523 1546 hastam
1546 1484 1631 1562 διηρ-

400 1599 496 1680 μὲαηυ
518 1602 575 1663 sed
599 1602 633 1661 in
657 1601 796 1662 humero
819 1600 973 1675 positam.
997 1599 1115 1660 Aetate
1139 1599 1274 1660 demum
1296 1599 1511 1675 imperatoria
1532 1598 1632 1660 solita

396 1717 531 1793 palladii
560 1716 668 1776 forme
699 1714 733 1774 in
762 1714 912 1775 nummis
942 1714 1134 1788 agnoscitur
1160 1717 1199 1783 (e.
1223 1729 1254 1788 g.
1274 1713 1552 1775 ImhooiBlumer
1574 1713 1629 1773 Gr.

397 1832 437 1891 M.
462 1832 537 1908 62‘i,
563 1831 627 1890 224
651 1829 728 1888 VIII
752 1831 794 1900 3).
827 1829 911 1889 Tute
941 1828 1100 1888 statueris
1134 1826 1244 1887 notae
1271 1827 1467 1904 palladium,
1488 1828 1518 1887 si
1542 1827 1628 1901 quod

396 1946 547 2021 Pergami
566 1945 666 2007 suerii
687 1959 847 2021 unquam,
868 1959 888 2004 a
908 1944 1028 2004 ceteris
1049 1942 1203 2004 omnibus
1227 1943 1400 2003 diversum
1423 1958 1489 2004 non
1516 1943 1630 2004 inisse.

395 2059 460 2120 Gur
491 2060 581 2120 enim
612 2059 690 2118 urbs
721 2057 857 2131 antiqua
879 2058 918 2118 ut
940 2055 1025 2118 aliae
1049 2071 1116 2118 non
1140 2056 1313 2117 habuisset
1338 2056 1519 2131 palladium
1543 2057 1630 2131 pedi·

395 2174 456 2235 bus
480 2173 630 2234 adductis
654 2170 767 2244 ξοάνου
790 2172 934 2232 formam
954 2170 1125 2232 reterens?
1146 2171 1262 2232 Nonne
1280 2169 1424 2245 legimns
1443 2171 1477 2230 in
1496 2171 1631 2231 Perside

395 2288 493 2349 haec:
532 2287 639 2362 ,Aiax
674 2284 897 2346 cassandram
934 2285 1065 2361 rapiens
1099 2280 1314 2359 συνεφέλκεται
1347 2281 1380 2343 rt
1412 2291 1465 2362 τῆς
1499 2287 1631 2360 Ἀθηνᾶς

395 2399 589 2474 gonew?
612 2401 727 2461 Nonne
748 2398 963 2475 [Apollodori]
987 2414 1116 2473 quoquc
1135 2397 1335 2459 bibliotheca
1355 2399 1423 2476 (III,
1447 2400 1486 2459 12
1507 2414 1537 2474 p.
1553 2400 1629 2469 143)

395 2515 552 2576 describit
586 2514 767 2589 palladium
803 2514 983 2573 Troianum
1014 2509 1085 2572 ποσὶ
1118 2510 1326 2590 συμβεβηκὸς,
1352 2511 1456 2592 δόρατι
1479 2509 1630 2596 διηρμένα

395 2630 613 2703 instructum,
638 2624 774 2709 ἠλακάτῃ
797 2627 994 2686 munitum?
1739 2598 1740 2605 ἵ

439 2743 571 2802 Novum
607 2741 709 2816 igitur
739 2741 839 2801 Ilium
870 2740 1055 2801 incolentes
1087 2755 1162 2801 cum
1195 2756 1353 2802 nummos
1383 2756 1463 2801 suos
1485 2741 1631 2816 imagine

399 2857 479 2916 deae
502 2855 658 2915 tutelaris
689 2869 809 2915 ornare
840 2853 978 2928 vellent,
1012 2869 1130 2914 versus
1160 2854 1235 2914 libri
1261 2855 1285 2913 Z
1316 2854 1536 2930 interpolatos
1565 2869 1632 2913 non

396 2970 631 3045 respexerunt,
673 2969 797 3044 immo,
839 2967 974 3043 palladii
1015 2968 1158 3029 formam
1194 2983 1271 3028 cnm
1305 2968 1443 3044 pedibus
1477 2968 1633 3029 adductis

393 3084 442 3145 ita
477 3084 664 3158 mutarunt,
696 3083 733 3141 ut
757 3081 910 3142 libertore
933 3083 1028 3160 motu
1055 3081 1117 3142 dea
1134 3084 1301 3156 procedere
1324 3082 1501 3143 videretur.
1526 3083 1631 3158 Supra

395 3199 507 3258 autem
541 3197 724 3256 statuimus
755 3196 836 3256 deae
867 3197 1049 3270 imaginem
1081 3197 1253 3259 sedentem
1276 3214 1385 3258 revera
1408 3199 1526 3259 Troiae
1549 3215 1630 3259 nun·
1737 3224 1738 3227 ¹

395 3327 495 3385 quam
537 3311 651 3372 tuisse.
694 3311 872 3388 Attamen,
917 3326 994 3371 cum
1036 3326 1155 3372 versus
1196 3312 1270 3372 libri
1305 3315 1331 3370 Z
1364 3312 1557 3388 interpolati
1593 3313 1630 3372 in

394 3427 497 3487 Iliade
527 3424 638 3486 locum
668 3426 858 3487 invenerint
888 3426 1095 3499 formamque
1125 3428 1159 3487 et
1188 3428 1315 3488 famam
1343 3427 1441 3488 huius
1472 3427 1552 3488 deae
1578 3442 1629 3486 se·
1736 3452 1737 3475 r

393 3542 504 3603 dentis
534 3540 749 3617 divulgarint,
783 3541 924 3617 rogaris,
958 3557 1015 3601 cur
1041 3541 1194 3618 Ilienses,
1219 3543 1275 3616 qui
1298 3542 1431 3603 Troiam
1456 3542 1630 3615 antiquam

394 3656 545 3716 habitare
575 3670 611 3716 se
635 3655 857 3730 gloriarentur
879 3655 976 3728 idque
998 3654 1112 3729 procul
1137 3655 1234 3717 dubio
1258 3657 1467 3731 argumentis
1490 3654 1630 3731 probare

394 3770 578 3846 tentarent,
620 3768 735 3829 Iliadis
777 3769 976 3829 auctoritate
1020 3769 1070 3828 uti
1114 3769 1296 3846 noluerint,
1332 3770 1515 3845 imaginem
1550 3769 1629 3830 deae

394 3884 566 3944 sedentem
602 3883 752 3944 nummis
786 3883 857 3943 suis
889 3898 955 3942 non
986 3883 1207 3944 incusserint«
1229 3885 1281 3945 An
1312 3884 1522 3961 verebantur,
1546 3900 1588 3946 ne
1610 3900 1632 3944 a

394 3998 513 4058 ceteris
537 3997 671 4058 Graccis
690 3997 968 4071 redarguerentur
986 3996 1078 4057 hisce
1096 3998 1225 4058 verbis:
1248 4000 1476 4073 ,argumentis
1495 3999 1628 4059 utimini

393 4111 481 4171 haud
506 4111 637 4186 validis,
663 4125 742 4170 uam
768 4125 885 4171 versus
909 4110 1028 4183 quibus
1051 4111 1198 4170 nitimini
1220 4112 1412 4205 interpolati
1435 4113 1561 4173 sunt’'?

438 4225 511 4285 Non
541 4225 651 4300 credo,
684 4238 764 4284 nam
796 4225 905 4284 artem
935 4225 1086 4284 criticam
1114 4225 1148 4285 in
1171 4224 1224 4286 his
1246 4226 1400 4287 versibus
1423 4242 1465 4286 ne
1487 4227 1627 4288 Alexan·
1734 4212 1735 4235 ¹

393 4338 478 4398 drini
498 4338 629 4411 quidem
650 4340 879 4399 exercuerunt.
900 4338 976 4400 Alia
994 4338 1096 4413 igitur
1116 4354 1230 4416 causa,
1252 4356 1310 4401 cur
1320 4341 1503 4416 imaginem
1515 4341 1627 4401 seden-
1733 4416 1734 4421 ρ

391 4453 462 4511 tem
485 4451 665 4528 noluerint,
692 4451 864 4513 exstitIsse
889 4452 1032 4512 videtur.
1056 4452 1143 4512 Nam
1163 4454 1192 4513 si
1211 4454 1263 4513 nsi
1282 4456 1363 4514 sunt
1381 4455 1529 4529 imagine
1548 4456 1629 4516 deae
1733 4508 1734 4517 ,

391 4563 514 4623 stantIs
551 4563 601 4624 vel
637 4565 857 4642 procedentis,
895 4579 961 4626 non
991 4567 1102 4640 potest
1132 4567 1211 4640 quin
1243 4567 1323 4628 haec
1346 4569 1455 4630 forma
1476 4568 1519 4627 iis
1541 4568 1627 4630 vide·

390 4679 482 4738 retur
516 4678 692 4752 antiquior.
728 4679 921 4740 Praevaluit
955 4680 1057 4754 igitur
1083 4681 1222 4742 Palladii
1243 4682 1353 4743 forma
1375 4690 1429 4742 τοῦ
1451 4681 1565 4754 ξοάνου
1588 4698 1630 4743 ex
1732 4694 1733 4707 ²

389 4791 453 4852 Iliu
484 4792 618 4852 Perside
649 4794 737 4853 nota.
770 4792 810 4852 Et
839 4792 911 4853 iure
941 4795 1142 4871 praevaluit,
1168 4811 1255 4855 =nam
1281 4796 1359 4856 licet
1381 4795 1518 4856 Palladii
1541 4796 1627 4872 rapti
1732 4772 1733 4799 *
