3525 5692
698 741 740 784 nn
764 739 875 784 Amor.
1357 724 1398 782 31

201 915 368 989 iuppiter
379 914 490 989 igitur,
511 928 587 974 cum
607 913 722 973 Graeci
741 904 881 972 minime
900 913 1078 988 sapientes,
1099 913 1152 972 ius
1170 914 1205 973 et
1223 912 1404 987 iasparum

175 1029 392 1089 observantes
415 1027 478 1087 sibi
501 1027 702 1104 viderentur,
726 1027 871 1087 reditum
895 1026 938 1086 iis
959 1041 1075 1100 parare
1099 1025 1320 1101 perniciosum
1339 1027 1404 1097 ste·

176 1143 251 1203 tuit.
287 1143 399 1216 Neque
433 1142 552 1202 iniuria
586 1141 691 1202 iratus
726 1143 800 1202 erat
833 1140 915 1201 deus
949 1140 1103 1216 optimus.
1138 1140 1224 1200 Nam
1258 1140 1404 1216 primum

178 1260 295 1325 contra
313 1256 421 1339 enine.
435 1257 488 1316 ius
510 1258 544 1316 et
567 1256 619 1316 fas
642 1256 683 1316 ad
708 1271 783 1316 eam
807 1255 1008 1331 contionem,
1032 1254 1087 1314 ubi
1110 1254 1149 1315 de
1172 1253 1282 1314 reditu
1305 1252 1407 1314 verba

176 1371 285 1432 lacere
314 1369 480 1447 volebant,
504 1369 641 1431 Atridae
665 1370 889 1431 convocarant
909 1368 1034 1430 milites
1054 1364 1084 1439 ἐς
1104 1364 1206 1446 ἠέλιον
1224 1366 1406 1428 καταδύντα.

225 1484 346 1545 Milites
380 1487 493 1546 autem
528 1484 666 1545 ducibus
701 1484 774 1544 suis
807 1483 895 1544 haud
927 1482 1084 1544 meliores
1118 1483 1278 1544 venerant
1310 1481 1404 1558 ebrii,

178 1599 342 1659 dissoluti.
367 1598 447 1673 Quid
466 1599 588 1658 mirum
608 1613 666 1660 eos
684 1597 878 1658 discessisse
898 1596 1006 1657 multa
1023 1598 1099 1672 post
1118 1595 1280 1672 convicia,
1300 1596 1406 1656 rixan-

178 1714 244 1789 tes,
279 1712 361 1795 έηχῇ
395 1712 559 1796 θεσπεσίῃ,
592 1714 725 1775 noctem
755 1709 961 1786 transegisse
990 1711 1159 1773 discordes
1181 1710 1271 1770 mala
1293 1709 1407 1771 omnia

180 1827 243 1888 sibi
273 1827 417 1889 invicem
447 1827 687 1903 imprecantes!
721 1827 812 1903 Quod
836 1826 970 1887 initium
993 1826 1121 1886 malum
1144 1825 1256 1900 peiora
1279 1825 1406 1899 porten-

180 1940 289 2002 debat.
313 1938 382 2000 ‘aab
403 1938 461 2020 γὰρ
487 1939 563 2013 Ζεὺς
587 1938 677 2021 ἤρτυε
700 1948 786 2019 πῆμα
809 1942 931 2001 nunciet

225 2055 395 2116 Hactenus
417 2055 589 2131 perspicua
612 2057 691 2117 sunt
713 2055 837 2117 omnia.
863 2055 1019 2128 Sequitur
1042 2056 1154 2116 autem
1178 2054 1254 2114 hoc:

499 2178 538 2252 τῷ
563 2167 698 2246 (πήμασι)
723 2184 811 2246 σφων
833 2165 938 2240 πολέες
961 2165 1057 2227 nunde
1080 2160 1163 2228 οἶτον
1186 2163 1317 2227 έπέσπον

357 2282 466 2361 μήνιος
491 2280 521 2355 ἕξ
547 2279 637 2361 ὀλοῆς
659 2282 871 2362 γλαυκώπιδος
895 2279 1121 2363 ὀβριμοπάτρης

359 2397 378 2474 ἥ
402 2393 427 2456 ι’
453 2396 517 2477 ἔριν
540 2398 702 2481 Ἀτρεΐδῃσι
722 2392 782 2475 μετ’
810 2393 1026 2476 ἀμφοτέροισιν
1049 2394 1152 2475 ἔθηκε.

225 2513 330 2588 Quid?
365 2515 437 2574 Non
472 2529 551 2576 suas
576 2516 634 2576 sed
665 2514 752 2575 filiae
776 2529 857 2575 suae
879 2514 1025 2576 inflictas
1048 2513 1186 2575 iniurias
1207 2511 1316 2572 ultum
1340 2511 1408 2570 ibat

181 2628 350 2703 Iuppiter?
389 2629 546 2691 Graecina
581 2631 684 2705 igitur
717 2629 785 2690 iam
820 2632 897 2690 ante
932 2629 1121 2689 contionem
1157 2626 1190 2686 in
1224 2625 1407 2686 Minervam

179 2744 379 2817 peccarant?
411 2743 473 2804 Sed
504 2743 581 2818 quid
611 2745 706 2804 erant
729 2743 826 2804 ausi?
849 2742 965 2802 Altum
989 2741 1157 2802 Homerus
1179 2740 1293 2800 servat
1317 2737 1413 2797 silen-

180 2857 276 2918 tium.
300 2858 425 2933 Vergili
447 2860 561 2919 autem
585 2873 716 2920 memor
740 2857 872 2919 citabis:
900 2856 1028 2932 ,Unius
1051 2856 1091 2916 ob
1114 2870 1239 2916 noxam
1258 2857 1293 2915 et
1311 2853 1415 2914 turias
1481 2860 1532 2915 s

181 2972 293 3032 Aiacis
316 2971 438 3033 Oilei!”
463 2974 588 3048 Nempe
611 2972 698 3032 Aiax
718 2969 925 3032 Cassandrae
945 2969 1013 3030 vim
1034 2969 1155 3029 inferre
1175 2969 1408 3042 eratconatus,

182 3084 325 3146 laeserat
359 3086 525 3147 Minervae
559 3101 666 3163 aram,
703 3100 766 3160 quo
802 3085 969 3159 refugerat
1004 3083 1111 3159 virgo,
1147 3097 1213 3143 non
1248 3081 1414 3142 metuerat

182 3199 292 3274 ipsum
315 3201 463 3260 numinis
486 3200 714 3261 simulacrum.
740 3199 824 3259 Tum
848 3198 977 3258 veritus
1000 3210 1041 3256 ne
1065 3195 1237 3256 aGraecis
1253 3193 1293 3255 ob
1312 3193 1412 3256 malo-

182 3311 294 3374 ficium
327 3313 463 3374 offensis
491 3314 657 3388 lapidibus
683 3313 879 3375 obrueretur
901 3311 1000 3372 heros
1022 3310 1151 3385 fugerat
1164 3353 1172 3371 .
1187 3354 1195 3371 .
1209 3355 1216 3370 .
1231 3310 1339 3382 ‚quo‘t
1362 3307 1413 3368 Ad

184 3427 322 3488 eandem
343 3442 451 3505 aram,
471 3443 572 3503 quam
591 3427 689 3489 modo
713 3427 870 3502 violarat,
895 3423 1059 3485 auxilium
1082 3422 1145 3483 sibi
1167 3422 1349 3497 implorans
1372 3421 1413 3482 ab
1447 3481 1482 3525 s
1550 3461 1628 3523 „s

185 3541 299 3602 eadem
317 3542 390 3619 dea,
411 3557 525 3619 quam,
546 3543 576 3602 si
596 3543 670 3615 quis
689 3541 790 3617 aliua,
810 3540 963 3600 laeserat.
983 3539 1092 3610 Atque
1110 3536 1197 3597 hanc
1215 3536 1255 3597 ob
1276 3551 1413 3597 causam
1459 3550 1491 3611 ξπ

184 3657 320 3719 heroem
351 3657 541 3719 defenderat
567 3657 715 3717 Minerva
738 3654 780 3716 ab
803 3653 950 3715 Achaeis
972 3650 1221 3726 minitantibus,
1246 3651 1304 3710 sed
1330 3650 1413 3709 iram

183 3787 281 3833 suam
302 3774 450 3832 verterat
473 3773 507 3833 in
529 3772 702 3848 populum,
727 3771 784 3844 qui
808 3771 883 3830 iura
908 3769 979 3829 eius
1002 3781 1069 3828 non
1093 3764 1270 3826 observata
1293 3764 1327 3826 in
1350 3780 1416 3826 sce·

183 3886 306 3948 laetum
329 3888 467 3948 Aiacem
491 3889 658 3949 vindicare
681 3885 825 3948 volebat.
843 3882 973 3944 Ἔπειτα
996 3877 1202 3941 ἀποπλέουσιν
1225 3875 1413 3956 αῖἝλληαες

185 3997 237 4060 οιαὶ
256 3999 382 4081 φθορὰν
401 3999 505 4073 αὐτοῖς
524 3997 544 4080 ἡ
565 4005 679 4079 Ἀθηνᾶ
698 3997 775 4059 κατὰ
798 3996 831 4059 τὸ
853 3995 983 4077 πέλαγος
1007 4003 1175 4074 μηχανᾶται
1200 4028 1240 4038 -
1265 3994 1314 4055 sic
1335 3993 1412 4069 legi·

184 4115 239 4175 tur
262 4115 296 4175 in
319 4115 383 4176 Iliu
406 4115 551 4199 Perside.

187 4301 188 4305 Ἰ
229 4231 285 4306 At,
318 4229 441 4306 hercle,
475 4229 532 4290 ubi
560 4229 614 4290 hic
636 4243 720 4290 sans
742 4228 851 4289 ratio?
873 4224 1078 4288 Insanientis
1102 4223 1183 4284 talia
1205 4225 1301 4283 sunt!
1325 4222 1413 4284 Plec-

183 4344 300 4404 tuntur
333 4343 454 4403 Achivi
488 4358 582 4418 reges
616 4344 646 4405 si
680 4342 838 4404 delirantl
876 4340 1035 4402 Concedo.
1067 4340 1113 4401 At
1142 4337 1364 4399 defenduntur
1390 4352 1415 4404 a

185 4457 255 4518 deis
276 4457 455 4518 delirantes
474 4457 523 4517 illi
542 4458 722 4534 principes,
736 4471 876 4530 quorum
890 4454 931 4516 ob
947 4454 1074 4515 scelera
1085 4451 1225 4528 populus
1236 4450 1416 4526 plectitur?

184 4569 344 4631 Plectitur
374 4571 516 4647 populus
550 4572 629 4632 dum
661 4571 799 4631 numina
829 4569 924 4630 laesa
955 4569 1072 4629 contra
1101 4581 1217 4642 regum
1249 4565 1414 4627 insaniam

184 4686 321 4746 tuetur?
345 4685 514 4762 Flectitur,
540 4700 616 4746 cum
636 4699 730 4759 reges
750 4683 836 4744 salvi
856 4683 1001 4745 abeant?
1021 4681 1100 4756 Quis
1119 4679 1201 4740 talia
1221 4679 1417 4754 concoquit?

199 4838 205 4852 .-
231 4799 295 4860 Sed
336 4814 572 4860 removeamus
607 4799 804 4874 argumenta
838 4813 881 4859 ex
916 4797 978 4858 Iliu
1013 4794 1147 4860 Perside
1172 4794 1300 4869 -petita;
1335 4806 1418 4866 quae
