3525 5692
360 695 402 754 28
880 715 923 758 ox
944 713 1057 759 Amor.

358 884 471 960 palam
493 886 677 949 declararet
699 887 789 948 Iovis
813 887 941 948 auxilio
963 901 1076 948 carere
1098 903 1136 948 se
1158 903 1258 963 posse
1281 921 1322 934 -
1342 903 1422 948 nam
1441 888 1475 948 id
1492 887 1586 964 proit-

357 1001 458 1077 tetur,
488 1001 544 1074 qui
574 1001 686 1062 verbis
715 997 750 1079 ἠὲ
784 998 835 1060 eni
866 998 1028 1078 ἀμφαδίην
1057 1001 1225 1078 significat
1253 1003 1419 1064 sociorum
1449 1017 1584 1063 suorum

356 1127 471 1188 preces
501 1115 543 1176 ad
572 1116 689 1177 Iovem
719 1130 779 1192 pro
809 1131 873 1177 sua
902 1116 1012 1177 salute
1034 1116 1223 1177 submissas
1244 1117 1393 1178 hostiurn
1417 1116 1506 1178 votis
1527 1117 1587 1177 deo

355 1229 555 1302 gratioribus
584 1228 674 1290 vinci
702 1229 800 1291 lacile
830 1244 868 1290 se
889 1244 966 1291 esse
988 1244 1225 1306 perpessurum
1249 1263 1308 1306 -,
1330 1230 1409 1304 quid
1430 1231 1507 1306 post
1528 1229 1588 1289 illa

356 1339 391 1420 ἠδ
425 1341 477 1403 ηαδ
510 1340 670 1422 ἀμφαδίην
701 1345 796 1419 sequi
828 1345 1024 1407 debuisset?
1054 1345 1190 1406 llinime
1220 1344 1306 1419 qood
1328 1358 1416 1405 nunc
1439 1343 1587 1418 sequitur

356 1454 420 1517 insi
454 1455 492 1518 ei
526 1480 593 1517 τινα
627 1463 685 1528 (sc.
721 1459 953 1528 Troianorum)
986 1455 1132 1536 δέδδιμεν
1163 1456 1275 1536 ἔμπης,
1307 1457 1366 1518 sed
1395 1457 1585 1519 huiusmodi

355 1571 496 1645 aliquid:
518 1573 696 1648 ,quoniam
716 1573 797 1634 Iovis
815 1574 982 1635 auxilium
1000 1573 1096 1634 flocci
1115 1573 1234 1648 iacio”,
1254 1586 1387 1648 graece:
1409 1567 1493 1646 ,ἐπεὶ
1510 1568 1584 1641 Διὸς

356 1684 414 1746 οὐκ
447 1683 612 1769 ἀδεγδζωἻ
645 1688 765 1766 Quare,
797 1704 872 1750 oum
904 1688 1006 1750 verba
1027 1697 1098 1771 σιγῇ
1118 1684 1140 1766 ἣ
1161 1685 1323 1764 ἀμφαδίην
1340 1682 1485 1763 εὔχεσθαι
1505 1684 1585 1746 Iovia

356 1801 454 1863 modo
484 1817 582 1878 opem
611 1803 799 1880 respiciant,
824 1804 940 1877 utique
961 1802 1129 1864 recidendi
1151 1804 1231 1862 sunt
1253 1815 1372 1862 versus
1395 1799 1585 1871 let-iao,

355 1931 439 1990 quos
461 1932 562 1978 versu
587 1919 668 1979 196αι
689 1933 756 1979 non
778 1932 941 1994 perpenso
963 1917 1054 1978 male
1076 1917 1239 1977 annexuit
1258 1915 1486 1990 interpolator.

401 2030 470 2107 Quo
493 2031 581 2092 iacto
603 2031 691 2092 Aiax
713 2033 829 2094 noster
851 2031 1039 2107 impietatis
1061 2030 1201 2091 crimine
1223 2044 1361 2106 prorsus
1381 2026 1584 2101 absolvitur;

356 2145 462 2206 immo
484 2142 523 2204 iit
545 2145 657 2223 heros,
682 2146 738 2221 qui
761 2145 841 2207 deos
863 2160 964 2220 quam
987 2145 1137 2207 maxime
1160 2145 1328 2220 observat,
1353 2143 1471 2203 horum
1495 2141 1584 2201 auxi·

356 2258 439 2319 lium
459 2259 629 2336 implorat,
649 2261 725 2335 pius
742 2260 832 2321 idem
852 2262 887 2320 et
905 2259 1010 2322 fortis.
1029 2259 1224 2321 contrarius
1241 2259 1343 2334 igitur
1359 2255 1399 2317 iit
1413 2254 1586 2333 sophociei

354 2371 460 2450 illius,
485 2372 579 2433 cuius
601 2373 706 2449 impia
729 2373 830 2434 verba
848 2374 1019 2435 Minervae
1041 2375 1221 2435 moverant
1241 2367 1465 2435 stomachum.

404 2487 461 2547 Sin
492 2501 570 2547 vero
601 2487 688 2563 apud
711 2487 898 2549 Homerum
922 2488 996 2561 quis
1018 2487 1147 2562 quaerit
1169 2488 1318 2565 heroem,
1344 2487 1438 2547 cuius
1459 2484 1586 2545 indoles

360 2615 437 2661 cum
460 2600 571 2662 Aiacis
594 2600 652 2662 ille
675 2600 847 2677 Sophoclei
870 2601 1018 2671 (maioris
1040 2601 1154 2676 igitur)
1177 2603 1351 2677 congruat,
1372 2601 1506 2661 revocet
1522 2597 1587 2658 sibi

359 2715 393 2775 in
416 2716 616 2777 memoriam
638 2714 740 2776 verba
762 2714 1018 2791 superbissima:

532 2823 591 2907 ’φῆ
613 2823 778 2908 ῤ’ἀδὲκητι
799 2833 884 2888 θεῶν
908 2825 1043 2909 φυγὲμεν
1066 2826 1143 2909 μέγα
1165 2833 1273 2907 λαῖτμα
1294 2827 1462 2907 θαλάσσης.

402 2942 586 3031 Cuiusnam
617 2945 721 3005 sunt?
752 2944 879 3019 Nempe
909 2944 1023 3006 Aiacis
1051 2945 1237 3007 Locrensis.
1267 2944 1452 3006 Paucorum
1475 2943 1585 3003 autem

361 3057 537 3118 verborum
569 3058 627 3119 sed
658 3060 873 3120 strenuarum
904 3074 1016 3120 rerum
1032 3059 1217 3133 unicuique
1239 3059 1404 3120 videbitur
1425 3057 1478 3118 vir
1499 3057 1586 3117 Aiax

357 3172 414 3232 ille
438 3172 546 3233 maior
563 3173 765 3235 homericus.
789 3173 853 3234 Sed
876 3173 1039 3248 quomodo
1062 3173 1107 3235 ibi
1130 3171 1328 3235 describitur
1348 3173 1486 3234 minori

535 3279 627 3364 Alco,
648 3291 748 3359 νεῖκος
771 3283 886 3367 ἄριστε,
905 3283 1112 3368 κακοφραδὲς,
1133 3284 1210 3348 ἄλλα
1231 3309 1262 3348 ce
1283 3286 1385 3348 πάντα

537 3399 639 3461 δεύεαι
659 3401 810 3481 Ἀργεΐων,

357 3514 406 3574 ita
440 3514 658 3590 compeliatur
692 3514 733 3576 ab
768 3516 948 3577 Idomeneo
978 3517 1013 3577 in
1047 3518 1088 3577 Ψ.
1111 3516 1293 3591 Litigiosus
1317 3518 1382 3592 est,
1408 3515 1585 3591 superbus,

358 3629 485 3706 fatuus,
508 3632 547 3691 ut
569 3631 747 3693 credideris
766 3631 942 3692 Locrensis
959 3630 1105 3692 indolem
1123 3631 1287 3692 transisse
1305 3631 1340 3691 in
1359 3628 1588 3692 Telamonium

358 3743 587 3818 Sophocleum.

402 3858 571 3920 Minervae
604 3862 694 3921 certe
729 3861 857 3922 amicus
886 3876 993 3936 neque
1023 3862 1095 3921 erat
1125 3860 1213 3920 Aiax
1243 3859 1459 3942 Sophoclem,
1483 3876 1589 3933 neque

360 3971 423 4034 fuit
453 3973 630 4036 Locrensis
660 3976 746 4052 apud
770 3976 965 4039 Homerum.
989 3974 1148 4037 Currendi
1173 3979 1342 4036 certamen
1363 3976 1481 4036 ineunt
1503 3975 1590 4035 Aiax

358 4086 523 4148 minoret
552 4089 670 4150 Ulixes
701 4092 751 4160 (Ψ
779 4091 843 4151 754
876 4094 967 4163 alid).
998 4088 1252 4165 Animadverte,
1284 4104 1383 4164 quam
1413 4089 1459 4148 sit
1488 4090 1586 4163 poeta

357 4200 536 4278 sollicitus,
571 4206 609 4263 ut
643 4202 754 4264 vivide
788 4204 954 4265 describat
982 4203 1147 4279 favorem,
1179 4218 1243 4277 quo
1266 4203 1384 4264 Ulixes
1407 4205 1478 4263 iam
1501 4201 1588 4277 apud

358 4302 454 4376 deam
490 4330 590 4390 quam
625 4317 710 4392 apud
741 4316 849 4379 socios
880 4317 1021 4377 fruatur.
1051 4316 1137 4376 Huic
1161 4315 1381 4392 applaudunt,
1405 4316 1495 4376 hunc
1517 4321 1585 4376 cur·

358 4430 488 4489 rentem
518 4428 677 4492 benevolo
707 4431 849 4492 incitant
878 4431 1033 4493 clamore.
1061 4431 1198 4491 Aiacem
1222 4446 1301 4491 vero
1325 4432 1479 4505 quamvis
1500 4431 1589 4506 prior

293 4582 309 4614 s
358 4556 556 4617 permensus
579 4544 625 4605 sit
648 4545 795 4606 stadium
819 4545 943 4606 Achaei
966 4545 1134 4621 accipiunt
1155 4545 1341 4622 irridentes,
1361 4546 1589 4622 explodenies.

357 4655 440 4730 Quid
462 4657 510 4718 rei
533 4659 609 4718 est?
633 4657 672 4717 In
695 4657 774 4720 iimo
798 4658 919 4720 bubulo
943 4657 1108 4734 collapsus
1131 4659 1198 4720 dux
1221 4659 1437 4721 Locrensium
1461 4675 1481 4720 a
1503 4657 1586 4720 Deu-

355 4768 482 4838 calione
523 4771 682 4840 oriundus
723 4771 805 4858 abit,
847 4773 993 4837 stercore
1028 4771 1151 4839 oblitus
1185 4774 1395 4840 taeterrime!
1431 4774 1589 4840 Potestne
