3525 5692
351 677 394 736 60
874 692 916 738 nr
939 690 1050 736 auor.

350 861 506 922 seruisse.
538 862 629 922 Idem
660 862 743 924 liber
773 863 967 938 comprobat
996 863 1084 924 inter
1106 865 1272 939 Argorum
1299 863 1426 924 incolas
1448 866 1482 924 et
1502 863 1579 923 Tre-

350 975 449 1036 milas
479 976 570 1036 certa
599 977 770 1037 exstitisse
803 976 952 1052 vincula3
984 992 1013 1038 e.
1033 992 1063 1051 g.
1087 978 1184 1052 signa
1205 977 1264 1038 illa
1283 977 1467 1051 mortifera,
1492 992 1580 1050 quae

349 1088 488 1149 Proetus
518 1085 764 1166 Bellerophonti
796 1091 943 1166 dederat,
978 1090 1135 1166 leguntur
1165 1093 1264 1164 atque
1294 1091 1533 1164 intelleguntur
1558 1105 1582 1149 a

348 1217 427 1276 rege
450 1201 687 1279 Tremilerum‚
710 1204 758 1264 ita
781 1206 817 1264 ut
841 1204 1021 1264 coniecerls
1040 1202 1151 1264 Proeti
1171 1204 1325 1278 aequales
1345 1204 1430 1264 haud
1450 1202 1580 1262 alienos

350 1331 370 1374 a
403 1314 557 1375 Tremilis
591 1315 708 1391 fuisse,
740 1317 774 1376 iu
804 1321 939 1391 utraque
962 1317 1065 1392 igitur
1088 1318 1256 1377 continenti
1277 1318 1417 1377 bominac
1439 1317 1577 1377 cusum

349 1429 482 1503 ortytnis
515 1429 693 1489 consedisse.
733 1430 796 1490 Ubi
832 1430 886 1490 bic
920 1430 1097 1504 Lyciorum
1133 1431 1281 1492 nomen?
1315 1431 1497 1505 Nusquam.
1532 1431 1578 1489 At

352 1541 517 1602 Homerus
557 1543 688 1618 ignorat
729 1543 951 1605 Tremilarum
986 1559 1121 1620 nomen,
1157 1545 1328 1620 cognitum
1362 1545 1463 1606 habet
1496 1545 1577 1605 illud

350 1655 535 1728 Lyciorum.
555 1655 697 1716 Athenis
717 1670 845 1730 quoque
864 1656 944 1730 Lyci
963 1657 1109 1731 priscum
1121 1671 1245 1717 nomen
1264 1659 1380 1719 uotum
1400 1659 1484 1733 erat,
1498 1671 1574 1717 nam

349 1769 397 1829 sic
420 1767 646 1844 appellabatur
668 1769 848 1830 Pandionis
867 1767 965 1831 lilius.
990 1769 1136 1831 Pandion
1162 1784 1239 1831 vero
1258 1771 1357 1845 atque
1376 1771 1574 1846 Pandareos‚

350 1883 471 1956 Lycius
502 1883 613 1959 heros,
645 1884 779 1944 nomine
805 1887 884 1944 snnt
908 1886 1074 1946 coniuncti
1098 1884 1151 1955 (ci.
1176 1881 1361 1964 Πανδαρέου
1386 1885 1481 1962 κούρη
1503 1887 1575 1961 χλο-

350 1993 418 2075 ρηῖς
456 1994 571 2074 ἀηδών,
600 1998 715 2072 cult),
748 1999 780 2058 et
812 1996 982 2069 Πανδιονὶς
1013 1998 1139 2076 χελιδών
1170 1999 1300 2074 Sappho
1324 1999 1388 2068 88).
1412 1998 1474 2058 His
1495 1997 1576 2058 adde
1677 2010 1680 2012 ’

322 2190 325 2196 .
351 2110 512 2184 Lycaonis
536 2107 641 2171 fllium
665 2110 868 2186 Pandarum,
894 2112 949 2185 qui
968 2111 1087 2186 Lycios
1106 2114 1184 2172 ante
1204 2111 1334 2172 Troiam
1353 2111 1456 2171 ducit:
1476 2109 1576 2171 babes

350 2226 548 2299 inutraque
573 2225 756 2285 continenti
780 2227 930 2301 gentium
955 2224 1129 2286 affinitatis
1152 2225 1304 2300 vestigia.

278 2319 283 2326 ’
395 2337 519 2399 Teucer
549 2338 732 2408 (Graecustz
769 2341 876 2415 Lycus
909 2340 974 2411 (Gr)
988 2362 1030 2388 =
1044 2339 1161 2401 Teucri
1180 2339 1353 2410 (Troiani):
1377 2339 1468 2412 Lycii
1489 2339 1576 2408 (Tr).

355 2452 578 2514 Athenienses
609 2453 718 2530 igitur,
756 2455 811 2528 qui
846 2455 878 2514 in
911 2454 1045 2528 Lyciam
1077 2453 1268 2528 veniebant,
1299 2452 1343 2512 ibi
1366 2455 1579 2528 reppererunt

355 2565 517 2626 Tremilas
540 2567 628 2627 inter
650 2583 732 2641 quos
755 2570 835 2643 Lyci
859 2583 1034 2629 nomen-
1048 2569 1190 2629 tortasse
1211 2582 1287 2629 cum
1307 2567 1470 2642 Apollinis
1489 2565 1579 2627 cultu

357 2680 568 2740 coniunctum
598 2713 630 2720 -
660 2681 747 2742 band
771 2683 921 2756 ignotum
946 2685 1035 2756 erut3
1060 2682 1092 2742 id
1115 2696 1235 2742 nomen
1259 2681 1301 2741 iis
1325 2680 1357 2740 in
1380 2680 1576 2740 memoriam

356 2793 526 2853 revocavit
560 2793 738 2853 Pandionis
771 2792 877 2855 fllium
910 2810 1015 2869 neque
1046 2794 1238 2856 dubitarunt
1266 2792 1389 2869 tingere
1418 2793 1578 2867 fabulam,

356 2921 421 2978 qua
455 2906 507 2966 hic
541 2906 649 2980 Lycus
683 2921 803 2968 nomen
835 2923 935 2970 suum
968 2909 1122 2970 Tremilis
1154 2908 1381 2984 impertivisse
1410 2908 1580 2968 diceretur.

355 3017 461 3093 Quare
484 3020 593 3094 specie
615 3034 681 3080 non
705 3025 808 3097 caret,
837 3022 923 3095 quod
947 3022 1118 3083 contendit
1142 3021 1222 3083 Tick
1246 3021 1372 3095 (Vorgr.
1405 3020 1515 3080 Ortsn.
1546 3034 1577 3092 p.

261 3186 297 3226 V,
357 3131 448 3202 laet:
487 3133 541 3206 „in
576 3133 638 3194 den
668 3133 796 3195 Namen
828 3133 977 3195 Πανδίων
1007 3135 1112 3206 Λύκος
1141 3135 1223 3210 liegt
1253 3135 1311 3194 der
1333 3133 1476 3208 Beweis‚
1501 3133 1578 3192 dass

353 3246 406 3306 ein
440 3245 511 3306 Tell
545 3247 678 3308 Attikas
706 3249 941 3311 insbesondere
972 3250 1023 3310 die
1055 3249 1240 3324 Tetrapolis
1271 3263 1333 3308 yon
1366 3247 1507 3322 Lykiern
1527 3246 1575 3305 be·

356 3359 472 3419 wohnt
494 3364 681 3434 genesen.'’

401 3471 567 3534 Homerus
597 3478 709 3536 autem
736 3478 867 3553 ignorat
890 3493 1012 3539 nomen
1037 3478 1239 3539 Teucrorum
1263 3475 1403 3536 utillud
1428 3472 1581 3535 Tremila-

357 3601 448 3659 rum;
473 3589 566 3648 novit
587 3589 757 3652 Paeonum
780 3607 901 3655 nomen
924 3591 1064 3652 utillud
1094 3591 1284 3665 Lyciorum,
1304 3588 1397 3648 novit
1420 3587 1581 3647 Teucrum

356 3702 394 3760 ut
416 3701 619 3765 Pandionem
643 3705 877 3787 (Pandareum‚
902 3706 1112 3776 Pandarum).

400 3814 585 3891 Utmmque
602 3819 775 3896 populum,
797 3822 869 3880 tam
891 3819 1035 3880 Teucros
1055 3835 1155 3894 quam
1169 3819 1300 3895 Lycios,
1321 3817 1445 3894 posteri
1457 3830 1475 3876 e
1488 3815 1584 3876 creta

358 3929 532 3991 oriundum
555 3929 734 3997 tinxerunt.
757 3933 879 3994 Eodem
904 3934 988 4010 iure,
1015 3933 1131 3994 eodem
1155 3947 1274 3993 errore.

407 4043 610 4119 Quicumque
643 4047 816 4109 Graeciam
852 4048 960 4123 ipsam
990 4048 1219 4120 minoremque
1249 4046 1366 4106 Asiam
1396 4044 1457 4104 sub
1480 4057 1584 4103 unum

356 4166 569 4240 conspectum
594 4164 791 4237 coniungere
815 4176 920 4236 neque
943 4176 1000 4236 pro
1023 4161 1124 4221 terris
1146 4159 1322 4220 disiunctis
1344 4157 1466 4218 habere
1489 4156 1583 4230 velit,

358 4295 434 4341 eum
466 4280 581 4340 eadem
612 4277 748 4338 nomina
778 4291 836 4350 per
866 4278 1041 4349 utramque
1065 4274 1294 4335 continentem
1316 4272 1466 4346 dispersa
1488 4272 1523 4330 et
1545 4268 1585 4329 ab

357 4394 502 4454 Homero
532 4393 604 4452 tam
635 4391 769 4451 Graecis
799 4404 900 4464 quam
930 4389 1080 4450 Troianis
1103 4388 1254 4463 partibus
1284 4386 1446 4447 attributa
1475 4383 1586 4443 minus

357 4507 499 4569 moleste
523 4503 701 4570 habebunt.
722 4504 845 4565 Gentes
866 4503 1069 4577 emigrantes
1093 4505 1127 4562 et
1145 4516 1251 4562 novas
1270 4500 1366 4561 sedes
1389 4497 1587 4572 quaerentes

359 4636 463 4696 neque
499 4637 518 4683 a
552 4621 722 4683 maritimo
766 4618 965 4680 commercio
1007 4616 1253 4691 abstinuerunt,
1292 4628 1398 4687 neque
1432 4612 1510 4685 quin
1545 4624 1587 4669 ex

359 4735 490 4810 Europa
523 4735 556 4796 iu
591 4733 706 4795 Asiam
744 4733 798 4793 vel
832 4733 905 4793 vice
937 4747 1033 4793 versa
1062 4731 1319 4805 commigrarent
1349 4726 1497 4803 longiore
1531 4738 1588 4799 per
