3525 5692
672 686 713 730 nr
735 686 887 732 osanne.
1329 672 1391 732 lon

161 857 357 932 Messapum
387 858 469 917 item
500 857 639 918 οονοενοε
669 858 711 919 ab
739 875 777 921 eo
801 859 835 918 in
854 873 978 920 novam
1002 875 1119 934 regum
1144 859 1264 922 seriem
1291 861 1395 923 luisse

158 971 346 1045 insertum,
369 970 505 1032 Adrasti
529 971 657 1033 cultum
682 972 816 1046 tyranni
839 973 935 1032 iussu
959 972 1058 1032 doceto
1084 973 1229 1048 Dionyso
1254 974 1396 1034 cessisse

158 1083 251 1158 loco,
287 1082 321 1143 τὸ
351 1084 539 1159 βοιωτιάζειν
569 1086 672 1160 igitur
702 1087 810 1161 magis
841 1101 943 1162 quam
972 1084 1006 1145 τὸ
1034 1087 1209 1158 λακωνίζειν
1233 1085 1395 1148 clistneni

159 1197 270 1259 fuisse
303 1198 409 1274 cordi,
445 1200 476 1259 is
505 1198 601 1260 facile
630 1199 853 1275 suspicabitur
883 1197 1011 1260 (tamea
1041 1199 1224 1276 antiquitus
1254 1216 1296 1261 ex
1321 1202 1394 1276 ipsa

160 1311 303 1372 Boeotia
331 1313 365 1373 in
397 1311 587 1388 Sicyoniam
610 1314 663 1375 vel
686 1314 798 1390 potius
820 1313 853 1372 in
877 1315 985 1374 totam
1009 1313 1272 1387 Peloponnesum
1297 1315 1395 1392 irrep·

152 1425 262 1517 sisse.
298 1425 402 1502 Quam
437 1428 659 1504 suspicionem
696 1428 762 1489 alia
795 1443 877 1489 mox
912 1426 1155 1489 confirmabunt
1184 1433 1392 1504 argumenta.

158 1540 258 1600 Nunc
299 1541 340 1600 ad
382 1542 590 1618 propositum
632 1542 808 1602 redeamus
839 1543 940 1617 atque
973 1542 1057 1601 alios
1092 1542 1148 1602 ubi
1182 1543 1222 1604 de
1257 1541 1393 1604 carneis

160 1654 275 1728 agitur
315 1654 533 1729 inspiciamus
574 1655 681 1730 locos,
717 1657 754 1715 ut
789 1654 913 1715 certius
946 1653 1075 1716 definiri
1110 1655 1239 1730 possint
1273 1656 1391 1717 horum

160 1766 317 1828 ludorum
340 1766 434 1828 dues.

205 1993 395 2056 Herodotus
418 1998 533 2055 narrat
557 1989 577 2064 ¹)
601 1995 777 2072 Spartanis
807 1997 985 2072 quominus
1012 1995 1275 2058 Atheniensibus
1306 1996 1392 2070 apud

160 2107 392 2170 Marathonem
415 2109 613 2183 pugnaturis
635 2109 761 2170 auxilio
784 2111 938 2170 venirent
960 2109 1133 2171 obstitisse
1157 2108 1209 2169 τὸν
1228 2108 1332 2185 νόμον.
1353 2099 1392 2187 ἦν

159 2219 220 2301 γάρ
256 2219 419 2296 ἱσταμένου
453 2229 507 2281 τοῦ
538 2220 633 2299 μηνὸς
664 2221 777 2299 εἰνάτη,
806 2222 909 2306 εἰνάτῃ
941 2218 973 2283 δὲ
1003 2222 1062 2283 οὐκ
1084 2221 1295 2296 ἐξελεύσεσθαι
1317 2221 1391 2300 ἔφα-

159 2350 221 2394 σαν
243 2333 285 2412 μὴ
308 2334 346 2396 οἰ
368 2333 497 2414 πλήρεος
520 2334 622 2408 ἐόντος
645 2344 699 2395 τοῦ
722 2336 846 2397 κύκλον.
866 2329 961 2413 οὗτοι,
984 2338 1092 2414 pergit
1111 2341 1236 2412 auctor,
1258 2335 1313 2414 μέν
1332 2357 1391 2396 νον

160 2448 218 2526 τὴν
241 2447 433 2527 πανσέληνον
452 2449 568 2527 ἔμενον.
594 2452 663 2529 Quo
687 2452 759 2514 loco
783 2452 1027 2513 Herwerdenus
1049 2444 1072 2522 ²)
1104 2452 1209 2514 deleto
1234 2451 1391 2513 vocabulo

159 2563 267 2648 εἰνάτῃ
289 2565 465 2640 legendum
488 2569 618 2627 censet:
646 2557 685 2643 ἦν
707 2565 765 2645 γάρ
789 2564 952 2643 ἱσταμένου
976 2575 1030 2626 τοῦ
1053 2565 1149 2644 μηνὸς
1171 2564 1284 2642 εἰνάτη,
1308 2563 1339 2624 οἱ
1360 2559 1392 2624 δὲ

159 2677 220 2738 οὖν
254 2701 280 2737 ιι.
292 2701 316 2738 τ.
328 2683 368 2754 t,
402 2679 464 2741 hoc
505 2682 704 2755 argumento
745 2695 827 2740 usus
862 2681 948 2754 quod
985 2680 1167 2756 plenilunia
1202 2682 1397 2755 exspectare

159 2792 290 2854 mensis
319 2792 371 2852 die
402 2807 507 2867 nono,
539 2793 603 2853 nisi
635 2792 836 2853 miraculum
859 2790 936 2870 fiet,
962 2800 1016 2851 τοο
1040 2789 1161 2863 ἑκόντας
1185 2789 1396 2870 ἠειθιάζοννας

157 2907 214 2966 sit.
250 2906 332 2966 ltam
366 2908 481 2968 autem
515 2906 622 2982 ipsam
653 2907 694 2967 ob
725 2921 862 2967 causam
899 2910 1031 2968 textum
1065 2908 1227 2968 traditum
1259 2921 1394 2968 servare

159 3019 260 3080 velim
283 3020 449 3097 equidem,
474 3035 574 3097 quare
595 3021 680 3080 hanc
699 3020 958 3095 explicationem
977 3036 1142 3096 propono:
1163 3021 1392 3096 Phidippides,

157 3134 214 3207 qui
249 3131 418 3209 δευτεραῖος
458 3130 490 3191 ἐν
524 3141 578 3192 τοῦ
617 3132 785 3210 Ἀθηναίων
819 3130 924 3202 άαιεος
961 3137 1099 3194 venerat
1129 3134 1300 3209 Spartam,
1337 3134 1393 3208 qui

159 3247 380 3321 magistratus
410 3247 538 3308 adierat
567 3247 760 3323 confestim,
793 3248 957 3308 citissime
983 3281 1022 3290 -
1047 3247 1077 3307 si
1100 3245 1171 3307 fleri
1194 3249 1309 3322 posset
1332 3248 1394 3308 hoc

160 3361 233 3435 ipso
252 3360 305 3420 die
328 3393 367 3402 -
386 3362 425 3421 ut
447 3345 806 3423 mitterentur‘auxilia
823 3360 921 3420 enixe
934 3360 1076 3437 petebat.
1091 3360 1271 3435 Spartanos
1284 3363 1395 3422 autem

160 3473 347 3535 callidiores
381 3489 482 3549 quam
517 3475 690 3536 calidiores
720 3474 930 3551 respondisse
963 3475 1060 3534 credo
1092 3474 1145 3533 his
1175 3473 1243 3533 iere
1267 3473 1394 3534 verbis:

162 3589 220 3663 ,at
253 3590 380 3664 optime
408 3589 489 3669 scis,
519 3589 660 3664 obone,
690 3603 765 3649 esse
797 3589 893 3648 hodio
926 3588 1014 3648 diem
1041 3588 1099 3648 vix
1122 3602 1245 3646 nonum
1267 3589 1394 3648 mensis

159 3703 365 3779 incipientis,
397 3703 504 3762 statim
534 3702 636 3777 igitur
667 3703 780 3777 copias
812 3705 849 3761 ut
872 3702 1053 3762 educamus
1076 3700 1166 3761 nullo
1189 3698 1262 3760 fleri
1284 3704 1396 3777 potest

162 3815 276 3892 modo,
313 3817 378 3878 nisi
413 3820 500 3887 (cum
531 3817 596 3877 leni
629 3816 710 3886 risu)
739 3815 938 3877 miraculum
972 3814 1043 3891 flat,
1068 3815 1192 3887 deaque
1216 3816 1283 3875 iam
1307 3830 1395 3876 nono

161 3930 289 3990 mensis
323 3931 375 3991 die
409 3930 522 3990 orbem
557 3945 656 3990 suum
693 3930 869 4005 compleat.
906 3930 962 3990 Sin
993 3930 1121 4004 minus,
1152 3931 1191 3989 ut
1220 3928 1393 4003 plenilunii

159 4046 293 4117 tempus
327 4044 531 4104 ordinarium
566 4046 782 4118 expectemus
813 4043 928 4104 iubent-
959 4043 1073 4116 religio
1104 4045 1138 4103 et
1160 4041 1247 4103 lex.''
1278 4043 1392 4103 Nonne

159 4157 209 4217 sic
239 4158 366 4231 optime
391 4158 456 4219 sibi
478 4161 689 4233 opponuntur
713 4157 877 4217 exardens
901 4158 1047 4232 impetus
1069 4157 1179 4216 nuntii
1204 4156 1395 4216 festinantis

160 4286 198 4330 ac
221 4271 558 4332 Lacedaemoniorum
584 4272 787 4332 tardantium
812 4271 1031 4345 frigidissima
1053 4270 1276 4343 continentia;
1303 4262 1394 4330 illius

161 4384 290 4457 patriae
309 4399 391 4444 suae
410 4399 504 4445 amor
523 4400 720 4460 generosus,
739 4385 858 4445 horum
872 4385 1020 4444 civitatis
1031 4375 1197 4443 laconicae
1210 4384 1395 4444 commodis

195 4663 214 4723 ¹l
232 4668 277 4728 vr,
296 4670 353 4723 1oo,
373 4671 412 4716 ro.

192 4755 214 4820 Ι)
233 4762 296 4806 Anu.
315 4760 349 4807 ad
366 4760 449 4807 'l'huo
468 4759 498 4818 V,
516 4761 547 4807 75
563 4759 591 4806 in
609 4759 649 4807 ed.
669 4760 753 4806 Hem.
