3525 5692
433 696 496 758 114
956 711 996 758 on
1019 710 1130 758 araon.

474 887 598 947 Sensus
632 887 687 947 bic
719 902 793 947 esse
824 887 969 948 videtur:
1004 886 1106 962 ,Vos,
1138 886 1279 947 curbes
1310 887 1507 962 Locrenses,
1529 902 1637 963 poenas

427 1000 549 1062 dabitis
571 1001 740 1061 Minervae
763 1000 804 1061 ob
826 1000 1003 1062 conubium
1028 1016 1142 1060 meum
1166 1015 1243 1061 cum
1266 1001 1368 1062 Aiace
1390 1001 1563 1062 nefarium.
1579 1001 1637 1060 Vir·

427 1115 521 1188 gines
551 1115 640 1174 enim
670 1115 758 1174 sorte
776 1105 906 1174 'ductae
930 1129 987 1188 per
1012 1113 1222 1174 millennium
1246 1114 1327 1174 deae
1350 1117 1448 1174 erunt
1470 1113 1637 1175 sacrifican-

426 1229 500 1303 dae,
536 1228 635 1288 buius
668 1228 869 1288 servitudini
904 1229 1102 1289 destinatae.
1138 1229 1333 1304 sepulcrum
1370 1233 1483 1290 autern
1519 1231 1636 1290 omissis

425 1343 629 1403 solemnibus
663 1340 835 1403 sacrificiis
870 1342 979 1402 aliena
1009 1343 1043 1402 in
1075 1344 1165 1402 terra
1194 1357 1281 1416 aqua
1306 1343 1436 1403 marina
1458 1343 1583 1426 parabit
1602 1344 1635 1402 iis

424 1472 562 1518 arenoso
585 1457 619 1517 in
641 1457 751 1531 litore,
777 1458 952 1530 postquam
973 1456 1060 1530 ignis
1077 1455 1177 1530 lignis
1195 1457 1365 1518 sterilibus
1383 1458 1531 1538 nutritus
1547 1471 1634 1516 mem·

424 1570 483 1630 bra
506 1569 738 1645 combusserit,
763 1569 891 1630 cineres
913 1571 947 1629 in
978 1583 1072 1629 mare
1094 1569 1219 1630 fuerint
1244 1571 1394 1631 deiecti’'.

469 1684 663 1759 Sepulcrum
688 1683 776 1743 enim
802 1682 969 1743 habebunt
988 1682 1116 1744 nullum
1136 1686 1171 1744 at
1189 1684 1350 1745 membris
1368 1683 1552 1745 combustis
1567 1683 1636 1744 cinis

423 1798 581 1858 deiciatur
612 1798 646 1855 in
680 1810 787 1871 mare,
819 1797 913 1856 cuius
944 1797 1066 1857 tluctus
1097 1796 1254 1857 'lraronis
1284 1798 1414 1858 alluunt
1436 1798 1570 1859 radices.
1592 1797 1651 1856 Sic·

421 1911 543 1971 fluctus
573 1910 701 1970 cineres
731 1924 871 1983 ossaque
902 1910 1067 1996 alluentes
1097 1925 1232 1970 arenam
1257 1913 1452 1972 constanter
1475 1911 1637 1972 erodentes

421 2024 516 2097 quasi
538 2024 571 2082 in
595 2022 745 2098 sepulcro
768 2022 951 2083 effodiendo
974 2022 1175 2083 videbuntur
1198 2025 1359 2099 occupati.

466 2138 657 2213 Hucusque,
678 2138 838 2210 quantum
857 2153 915 2212 per
934 2137 1185 2212 Lycophronem
1205 2137 1297 2214 licet,
1318 2138 1409 2198 clara
1426 2141 1508 2198 sunt
1525 2138 1634 2199 omnia.

420 2252 574 2325 sequitur
598 2265 675 2335 vero
698 2251 868 2311 sententia
891 2250 1052 2325 singulari
1070 2266 1207 2311 numero
1227 2266 1401 2327 expressa:
1421 2259 1474 2327 τῆς
1494 2249 1526 2310 ἐκ
1543 2251 1635 2327 λόφων

422 2364 583 2441 Τράρωνος
617 2360 838 2441 ε’φθιτωμένης.
872 2363 969 2424 Unde
1003 2364 1149 2439 pendet?
1179 2363 1334 2424 Geffcken
1365 2363 1463 2433 (Tim.
1490 2365 1540 2435 12)
1568 2367 1635 2424 ante

419 2478 506 2538 bunc
529 2493 665 2538 versum
689 2477 849 2552 quaedam
874 2476 1039 2538 excidisse
1062 2479 1155 2536 ratus
1174 2480 1250 2551 post
1270 2492 1403 2538 versum
1426 2479 1512 2538 1158
1530 2479 1636 2538 statuit

418 2593 582 2654 lacunam.
625 2592 804 2666 Holzinger
845 2607 981 2653 versum
1020 2593 1105 2651 1159
1141 2594 1230 2653 arcte
1264 2607 1341 2652 cum
1375 2593 1635 2654 antecedentibus

418 2708 634 2784 coniungens,
661 2706 774 2767 verba:
1339 2697 1341 2701 ’

639 2824 746 2896 φυτοῖς
769 2817 918 2897 ἀκάρποις
941 2823 1013 2898 γυῖον
1036 2816 1207 2896 repetitae
1232 2817 1304 2878 ὅταν

630 2931 802 3009 Ἥφαιστος
825 2931 866 3004 εἷς
890 2932 1054 2991 θάλασσαν
1077 2929 1208 3014 ἐκβράσῃ
1232 2930 1349 2992 σποδὸν

637 3054 689 3123 τῆς
713 3044 746 3106 ἐκ
768 3045 876 3122 λόφων
903 3046 1061 3124 Τρᾶρωνος
1086 3043 1296 3122 ἐφθιτωμένης

415 3161 532 3223 vertit:
560 3161 663 3236 ,bobssl
687 3161 776 3221 eiust
798 3160 1000 3234 Hephaistos
1020 3159 1114 3233 jener
1137 3159 1222 3220 Maid
1246 3158 1369 3219 Gebein
1393 3159 1570 3220 verbrennt
1587 3157 1637 3220 111

414 3277 534 3337 durren
565 3277 703 3337 Reisern
735 3277 801 3335 und
832 3276 882 3336 als
905 3275 1015 3337 Ascbe
1038 3278 1234 3336 mcerwarts
1258 3273 1373 3350 treibt,
1395 3275 1447 3336 die
1470 3276 1554 3336 boch
1577 3289 1631 3334 von

413 3389 566 3450 'Preron’s
589 3389 730 3463 Klippen
750 3389 821 3449 sich
841 3389 1127 3462 herabgestorzt‘u
1147 3390 1312 3449 Annotat:
1339 3388 1422 3463 ,mit
1440 3397 1492 3465 τῆς
1512 3386 1632 3464 ἔφθιτο-

413 3501 506 3579 μένης
536 3503 634 3579 spielt
662 3503 839 3578 Lycophon
871 3502 930 3562 111
958 3501 1054 3562 einen
1079 3502 1161 3572 (ihm
1184 3517 1245 3562 aus
1268 3501 1432 3572 Timaeos)
1455 3502 1630 3562 bekannten

412 3617 545 3692 Mytbos
565 3632 627 3688 an.
659 3617 718 3677 Die
749 3618 838 3677 erste
861 3615 1017 3676 Lokrerin
1043 3618 1163 3677 rettete
1186 3615 1257 3676 sich
1282 3631 1340 3676 vor
1364 3616 1426 3675 den
1449 3615 1631 3690 Verfolgeru

412 3706 520 3790 durch·
539 3731 634 3791 einen
659 3731 789 3805 sprung
812 3745 877 3790 von
901 3729 1009 3790 cinam
1034 3729 1151 3789 Felsen
1174 3729 1227 3788 ins
1251 3728 1371 3790 Meer”.

456 3843 563 3904 Huius
593 3846 706 3904 autem
738 3843 847 3917 mythi
878 3844 917 3903 de
941 3843 1049 3917 prima
1071 3842 1205 3902 Locride
1229 3858 1333 3917 neque
1357 3843 1434 3903 vola
1456 3858 1517 3904 nee
1541 3841 1630 3902 vesti·

412 3958 502 4031 glum
538 3959 623 4031 apud
659 3959 811 4016 auctores
842 3958 971 4028 exstat,
1003 3971 1123 4029 neque,
1156 3957 1268 4031 credo,
1294 3955 1473 4032 Holzinger
1496 3957 1535 4017 ad
1559 3955 1631 4016 talia

411 4071 615 4144 confugisset
637 4071 703 4130 nisi
726 4069 923 4129 vocabulum
949 4067 1018 4127 ὅταν
1043 4069 1219 4129 infeliciter
1247 4072 1381 4130 vertens
1403 4073 1512 4130 semet
1530 4071 1628 4145 ipsum

410 4185 451 4243 ad
480 4185 601 4244 incitas
631 4183 826 4258 redegisset.
857 4183 941 4243 Nam
963 4199 1005 4243 ne
1029 4184 1113 4257 apud
1137 4183 1387 4258 Lycophronem
1413 4184 1544 4257 quidem
1567 4180 1631 4242 ὅταν

411 4298 496 4358 verti
518 4300 630 4372 potest
656 4296 726 4371 ,bis
749 4297 870 4358 einst‘'.

453 4411 612 4470 Attamen
632 4410 741 4470 facere
765 4425 840 4469 cum
862 4408 1031 4485 (leffcken,
1061 4411 1115 4483 qui
1143 4410 1265 4470 statuit
1290 4409 1462 4485 lacunam,
1486 4421 1629 4470 necessa·

407 4523 494 4583 rium
517 4538 582 4583 non
608 4523 770 4583 ducimus.
794 4523 879 4583 Nam
904 4523 1019 4596 quidni
1042 4538 1173 4583 versus:

627 4629 675 4707 οἷς
699 4634 869 4713 &natuturae
894 4634 926 4695 ἐν
951 4634 1019 4712 ξένῃ
1044 4634 1143 4708 ξέναις
1166 4637 1261 4712 τάφος

626 4749 742 4833 ψάμμῳ
766 4749 923 4820 κλύδωνος
947 4749 1060 4829 λυπρὸς
1085 4747 1336 4826 ἐννλνοθήσεται,
