3525 5692
393 706 456 766 196
750 719 793 764 or
815 719 1035 765 moinonis
1056 720 1252 766 camacum.

387 897 422 953 te
444 893 590 966 gestare,
615 891 730 950 statim
754 906 885 952 remum
908 893 942 952 in
965 895 1055 953 terra
1075 891 1189 969 infige,
1209 894 1447 954 suovetaurilia
1462 893 1613 968 Neptuno

388 1005 469 1066 oiier
498 1021 537 1064 ac
565 1005 697 1064 domum
719 1006 802 1080 redi,
833 1006 890 1064 ubi
911 1006 1058 1067 omnbus
1080 1008 1141 1067 diis
1162 1007 1395 1067 immortalibus
1418 1008 1474 1080 oui
1495 1007 1613 1066 coelam

386 1120 525 1180 incolunt
546 1134 642 1180 suern
655 1119 793 1193 sociaa”.
1501 1139 1503 1142 ·

430 1235 469 1321 In
498 1233 694 1308 'Pelagoniae
724 1234 835 1294 autem
865 1238 962 1309 parte
993 1235 1102 1309 priore
1126 1269 1167 1278 -
1191 1250 1270 1295 nam
1293 1235 1408 1295 Proclo
1430 1237 1517 1296 teste
1540 1238 1615 1294 erat

385 1349 495 1408 divisa
534 1347 568 1407 in
609 1346 712 1407 libros
752 1346 836 1407 duos
868 1381 908 1391 -
937 1347 1083 1422 legimus
1117 1350 1214 1409 haec:
1261 1348 1393 1424 ,Procis
1426 1349 1613 1409 interiectis

380 1458 543 1532 Ὀδυσσεὺς
576 1459 677 1532 θύσας
706 1461 856 1538 Νύμφαις
887 1460 930 1530 είς
954 1450 1043 1521 Ἦλιν
1070 1458 1205 1521 ἀποπλεῖ
1222 1460 1458 1539 ἐπισκεψόμενος
1479 1460 1516 1521 τὰ
1537 1464 1614 1540 βου·

383 1575 471 1636 κίλια
503 1572 556 1634 καί
582 1575 724 1646 ξενίζεται
754 1572 838 1652 παρὰ
868 1573 1034 1660 Πολυξένῳ
1058 1576 1159 1655 δῶρον
1181 1597 1213 1636 τε
1235 1575 1385 1656 λαμβάνει
1407 1583 1539 1654 κρατῆρα
1562 1573 1617 1634 καί

385 1687 434 1749 ἐπὶ
467 1689 562 1772 τούτῳ
591 1687 628 1747 τὰ
657 1686 726 1765 περὶ
758 1688 939 1766 Τροφώνιον
969 1687 1020 1749 καί
1046 1688 1216 1769 Ἀγαμήδην
1238 1688 1290 1749 καί
1310 1689 1452 1768 Αὐγείαν.
1476 1687 1614 1749 ἔπειτα

381 1803 438 1875 είς
458 1797 626 1879 Ἰθοίκην
654 1803 953 1878 καταπλεύσας,
983 1802 1050 1874 τὰς
1077 1802 1152 1864 ὑπὸ
1178 1804 1390 1880 Τειρεσίου
1413 1802 1613 1882 ῥηθείσας

380 1921 486 1977 τελεῖ
513 1916 685 1987 θυσίας’
720 1917 742 1976 i.
756 1931 803 1977 e.:
837 1916 984 1992 ,Deinde
1014 1918 1166 1978 Ithacam
1197 1933 1353 1980 reversus
1383 1933 1479 1979 sacra
1511 1918 1625 1992 iacit,

381 2048 464 2108 quae
488 2030 655 2092 coelicolis
678 2029 797 2091 offerre
820 2030 965 2091 Tiresias
988 2046 1065 2091 eum
1088 2032 1267 2093 iusserat.”
1587 2038 1591 2041 ’

428 2144 583 2222 „Quando
606 2146 716 2220 vero”,
739 2147 835 2219 rogat
859 2145 1040 2222 SvoronoS,
1068 2147 1223 2222 ,domum
1246 2146 1354 2207 rodhe
1373 2149 1408 2206 et
1425 2145 1615 2208 sacrificare

380 2261 543 2321 debebat?
573 2259 721 2334 Scilicet,
754 2274 830 2320 cum
854 2261 1025 2320 hominem
1048 2262 1250 2336 invenisset,
1274 2261 1331 2334 oui
1353 2276 1463 2321 rerum
1487 2261 1614 2321 mariti·

380 2390 511 2434 marum
529 2388 667 2450 prorsus
686 2374 776 2433 esset
794 2373 942 2447 ignarus.
963 2372 1069 2448 Quare
1089 2374 1119 2432 si
1138 2375 1206 2434 iam
1225 2390 1311 2433 κκκο
1330 2374 1615 2434 Ithacamreverti

380 2491 415 2549 et
443 2504 540 2550 sacra
569 2489 613 2546 ibi
643 2488 753 2548 iacere
777 2491 902 2563 potest,
926 2503 1062 2549 necesse
1081 2490 1132 2549 est
1155 2489 1188 2548 in
1212 2488 1417 2564 Peloponneso
1440 2488 1611 2548 hominem

380 2602 475 2662 illum
501 2602 699 2662 invenerit.”

424 2715 619 2789 'Pelagoniae
641 2714 742 2788 igitur
771 2715 915 2790 priorem
939 2718 1067 2790 partem
1088 2716 1137 2776 sic
1161 2717 1380 2791 compositam
1404 2713 1507 2775 fuisse
1530 2715 1608 2775 Sco·

379 2844 480 2890 ronos
514 2828 651 2902 probare
685 2827 815 2888 studet:
853 2827 991 2903 ,Ulixes
1021 2830 1130 2903 procis
1168 2829 1352 2890 interiectis
1381 2829 1611 2904 Nymphisque

379 2943 519 3017 placatis
549 2942 689 3015 navigat
718 2942 751 3000 in
782 2941 925 3016 Elidem,
957 2944 995 3002 ut
1025 2945 1180 3002 armenta
1209 2957 1272 3002 sua
1295 2943 1466 3017 inspiciat;
1490 2958 1511 3003 a
1531 2957 1610 3016 rege

379 3055 562 3129 Polyxene,
598 3056 654 3128 qui
689 3057 855 3115 crateram
879 3055 909 3114 ei
934 3055 1019 3114 dono
1042 3056 1113 3130 dat,
1139 3057 1278 3116 comiter
1300 3058 1475 3131 exceptus,
1500 3057 1610 3117 denuo

380 3184 500 3229 navem
524 3169 688 3242 escendit,
712 3171 750 3228 ut
773 3167 942 3238 Lebadeae
966 3168 1191 3243 Trophonium
1213 3170 1379 3244 consulat,
1400 3169 1533 3230 ubinam
1547 3173 1611 3230 ter·

378 3298 491 3344 rarum
522 3282 693 3342 hominem
724 3297 837 3342 rerum
870 3282 1115 3343 maritimarum
1145 3283 1300 3356 ignarum
1331 3284 1527 3344 inventurus
1553 3285 1610 3346 sit.

379 3396 556 3470 Trophonii
590 3396 687 3456 iussu
717 3396 750 3455 in
780 3395 957 3456 Arcadiam
990 3396 1029 3456 ad
1057 3396 1262 3470 Agamedem
1286 3397 1473 3472 Stymphali
1495 3412 1607 3472 regem

378 3524 546 3582 reversus,
567 3509 696 3569 invenit
713 3508 758 3569 ibi
778 3508 947 3569 hominem
959 3510 1166 3583 quaesitum
1179 3510 1330 3585 Neptuno
1342 3509 1519 3587 sacrificat,
1533 3513 1609 3573 dein

378 3625 528 3684 Ithacam
551 3623 650 3698 redit,
675 3623 733 3683 sed
756 3623 791 3682 in
813 3623 931 3683 itinere
950 3623 1036 3698 apud
1056 3624 1198 3698 Augiam
1217 3623 1408 3684 devertitur.
1428 3624 1507 3685 Post
1526 3627 1610 3712 haec

380 3739 523 3799 Tiresiae
547 3737 748 3798 monitorum
772 3736 857 3797 bene
880 3751 1018 3812 memor,
1045 3736 1201 3798 omnibus
1219 3737 1282 3797 diis
1301 3736 1462 3799 sacrificia
1480 3722 1609 3803 offerd‘.

425 3851 475 3911 Ad
510 3852 594 3912 hanc
625 3851 879 3926 explicationem
912 3849 1147 3912 stabiliendam
1177 3850 1275 3911 affert
1305 3866 1336 3910 v.
1368 3851 1399 3910 d.
1430 3866 1607 3915 nummum

380 3967 544 4041 quendam
574 3966 773 4042 Mantineae,
805 3966 900 4026 cuius
929 3967 1113 4040 imaginem
1144 3967 1351 4040 interpretari
1380 3966 1609 4029 numismatioi

378 4082 547 4152 hucusque
583 4079 709 4140 trustra
742 4081 923 4140 tentarant.
958 4078 1226 4153 Percy-Gardner
1242 4074 1264 4149 ¹)
1299 4083 1412 4141 autem
1447 4081 1495 4141 sic
1529 4097 1606 4142 eum

378 4194 550 4254 describit:
584 4194 692 4269 ,male
722 4192 839 4268 figure,
871 4193 1028 4268 boarded,
1060 4193 1206 4268 wearing
1233 4193 1353 4266 pileus,
1378 4195 1472 4254 short
1495 4195 1606 4256 chiton

378 4309 444 4382 girt
463 4322 506 4382 up
525 4307 588 4367 and
608 4307 701 4368 boots
721 4307 803 4366 with
822 4306 900 4381 long
920 4306 1001 4367 ends
1020 4307 1138 4366 turned
1158 4322 1214 4382 up,
1236 4305 1331 4365 holds
1346 4306 1380 4365 in
1394 4305 1607 4368 catherhand

374 4419 510 4494 jevelin.
532 4419 707 4480 Described
732 4436 769 4480 as
792 4436 812 4480 a
835 4419 1016 4480 fisherman
1040 4419 1083 4494 by
1106 4413 1285 4490 Imhooi‘).
1309 4419 1389 4479 This
1409 4421 1607 4495 description

413 4600 432 4666 ¹)
454 4601 536 4650 Catal.
557 4601 643 4649 Greek
664 4599 742 4648 Coins
765 4602 855 4661 Pelop.
878 4615 904 4662 p.
925 4603 982 4658 184,
999 4603 1023 4648 6.
1040 4601 1133 4648 Exstat
1151 4600 1286 4660 exemplar
1302 4600 1381 4648 huius
1399 4604 1499 4649 nummi
1517 4604 1606 4662 Hagae

376 4693 485 4742 Comitis
500 4696 527 4741 in
545 4694 656 4754 pulchra
674 4690 831 4740 collectione
848 4693 1028 4740 Bibliothecae
1046 4693 1151 4751 Regiae.

409 4783 431 4850 ²)
448 4786 582 4833 hionnaies
599 4786 734 4843 Greoqnes
752 4797 777 4843 p.
798 4787 856 4831 201.
