3525 5692
719 724 761 768 D}
783 725 1001 770 nudnnnortls
1024 723 1220 770 TELEGONIA.

539 896 587 972 ,εἰ
607 892 663 973 μὲν
686 893 725 972 δὴ
746 896 842 976 γῆράς
864 917 898 976 γε
920 894 990 956 θεοὶ
1012 892 1165 956 τελέουσιν
1188 893 1305 974 ἄρειον,

536 1009 679 1087 trinepti
701 1031 748 1069 τοι
769 1007 870 1069 ἔπειτα
893 1018 994 1070 κακῶν
1017 1007 1166 1082 ὑπάλυξιν
1188 1007 1333 1069 desudo?
1352 1005 1384 1081 ¹).

404 1123 573 1184 Hactenus
602 1124 642 1184 de
671 1124 828 1185 Homero.
859 1123 955 1200 Apud
980 1123 1244 1198 Eugammonsm
1267 1126 1382 1184 autem
1404 1123 1540 1184 Ulixem
1564 1125 1584 1183 ‘a

359 1236 525 1311 Telegono
543 1234 610 1297 filiu
628 1250 703 1298 esse
719 1237 947 1313 interfectum,
969 1237 1105 1297 Proclue
1123 1237 1267 1298 tradidit.
1287 1237 1376 1296 Nihil
1395 1236 1528 1311 quidem
1547 1237 1582 1296 in

359 1348 465 1409 Procli
484 1350 747 1411 chrestomathia
764 1351 854 1411 inest
872 1350 912 1411 de
932 1351 1023 1411 radio
1040 1351 1131 1413 raiae
1145 1351 1353 1427 pastinacae,
1373 1351 1431 1411 sed
1443 1350 1583 1426 posteri,

358 1462 496 1550 Hygino
522 1466 661 1539 excepto
690 1462 766 1533 (rab.
800 1465 888 1541 127),
920 1466 1076 1525 iuvenem
1108 1464 1168 1525 tali
1198 1465 1266 1526 telo
1292 1479 1391 1525 usum
1414 1463 1520 1526 tuisse
1543 1464 1583 1523 ad

358 1590 463 1636 unum
497 1591 613 1638 omnes
646 1580 858 1652 asseverant3
894 1595 923 1640 e.
956 1594 987 1653 g.
1023 1577 1125 1640 schol.
1161 1579 1202 1640 ad
1224 1581 1241 1636 l
1267 1579 1347 1639 134:
1375 1575 1447 1653 ,viv
1469 1573 1584 1655 πατέρα

360 1688 582 1769 διαχρήσασθαι
604 1690 750 1771 τρυγόνος
771 1689 915 1777 κέντρρ”.
935 1692 984 1752 llx
1002 1692 1159 1767 Aeschyli
1180 1707 1309 1766 quoque
1321 1692 1456 1767 parodia
1469 1684 1507 1769 ²),
1528 1693 1585 1765 qui

359 1803 488 1864 redium
511 1819 578 1866 non
599 1805 717 1866 hastae
740 1805 876 1866 affixum
901 1820 975 1866 esse
997 1790 1185 1882 fingit,'sed
1204 1821 1262 1882 per
1281 1805 1398 1866 ardeae
1417 1805 1531 1866 alvum
1551 1806 1584 1864 in

359 1916 470 1977 Ulixis
488 1918 587 1994 caput
603 1918 770 1995 immittit,
792 1919 895 1980 efficio
915 1919 978 1980 hoc
997 1919 1102 1980 telum
1121 1933 1189 1980 non
1203 1920 1307 1980 ruisse
1318 1918 1585 1980 additamentum

359 2031 595 2108 recentiorum,
619 2035 700 2107 puta
723 2032 907 2109 Sophoclis,
932 2047 1049 2094 verum
1072 2034 1251 2108 genuinam
1275 2035 1405 2109 partem
1430 2033 1587 2106 antiquae

359 2144 565 2220 l'elegoniae.

403 2258 464 2318 llst
485 2259 619 2333 quidem
638 2259 747 2335 opinio
764 2259 944 2321 admodum
964 2260 1101 2335 vulgata
1120 2277 1138 2322 e
1157 2259 1267 2322 verbis
1286 2257 1316 2332 ἐξ
1328 2256 1399 2332 dido
1411 2275 1584 2336 perperam

360 2371 534 2448 explicatis
563 2375 671 2433 ortam
702 2387 777 2434 esse
801 2373 895 2433 illam
918 2372 1066 2434 fabulam
1090 2373 1129 2434 de
1151 2373 1251 2435 Ulixe
1274 2390 1294 2434 a
1316 2372 1385 2434 filio
1408 2373 1586 2436 crudeliter

359 2488 491 2563 necato,
520 2486 578 2547 sed
608 2487 831 2548 Wilamowitz
861 2490 962 2562 negat
984 2487 1132 2548 fabulam
1154 2490 1226 2548 tam
1248 2488 1410 2564 tragicam
1434 2504 1454 2549 a
1476 2503 1585 2549 recen·

358 2602 442 2662 tiore
476 2604 609 2663 auctore
644 2602 825 2678 excogitari
858 2603 1017 2679 potuisse.
1048 2604 1133 2664 Sunt
1163 2603 1234 2665 eius
1265 2603 1365 2664 verba
1387 2604 1480 2664 haec:
1508 2603 1587 2677 ,der

360 2715 448 2776 Sohn
472 2714 518 2775 im
541 2716 683 2792 Kampte
705 2717 769 2777 mit
795 2716 870 2777 dem
894 2716 1006 2794 Vater,
1031 2717 1239 2793 ahnungslos
1261 2717 1333 2778 sein
1357 2717 1500 2778 Morder:
1524 2716 1587 2775 das

359 2830 405 2890 ist
434 2830 492 2891 der
522 2831 604 2905 Sage
636 2845 699 2892 von
723 2830 924 2892 Hildebrand
948 2831 1014 2892 und
1036 2831 1237 2892 Hadubrand
1261 2845 1325 2891 von
1348 2830 1501 2891 Welcker
1523 2831 1588 2891 mit

361 2944 467 3005 Recht
500 2959 560 3004 zur
593 2945 680 3006 Seite
711 2944 858 3022 gestellt,
890 2919 998 3005 otwol
1030 2946 1082 3006 die
1104 2945 1340 3008 Aehnlichkeit
1360 2944 1456 3006 leina
1479 2945 1587 3005 innsr·

361 3057 446 3120 liche
469 3059 524 3120 ist.
551 3059 610 3120 Die
633 3058 723 3121 Gaba
752 3059 810 3146 der
842 3059 973 3136 Mutter,
1007 3059 1063 3120 der
1087 3060 1303 3120 zauberische
1322 3058 1588 3121 Rochenstauhel

361 3171 566 3233 verderblich
596 3172 671 3234 dem
703 3172 812 3248 Vater,
845 3173 909 3233 den
939 3174 997 3234 der
1020 3173 1109 3233 Sohn
1140 3172 1199 3233 aut
1219 3172 1277 3234 der
1301 3173 1422 3232 Mutter
1446 3171 1588 3233 Geheiss

361 3301 402 3346 zu
425 3287 549 3347 suchen
572 3301 709 3361 auszog:
733 3286 812 3346 dass
834 3287 880 3346 ist
903 3286 956 3346 ein
980 3286 1083 3348 Motiv
1107 3301 1172 3348 von
1190 3301 1228 3348 so
1248 3285 1441 3361 gewaltiger
1460 3284 1587 3346 drama·

360 3400 484 3460 tischer
518 3400 626 3477 Kraft,
662 3400 741 3460 dass
774 3400 842 3459 oin.
863 3399 1015 3475 spatling
1048 3399 1105 3460 des
1139 3399 1225 3475 llpos
1260 3415 1296 3460 es
1329 3398 1421 3460 nicht
1450 3399 1587 3460 erdacht

362 3513 466 3573 haben
500 3513 600 3573 kann.
635 3512 722 3573 Eben
753 3527 790 3574 so
812 3495 929 3588 ¹wenig
955 3512 1043 3574 kann
1067 3528 1103 3574 es
1126 3527 1186 3573 aus
1210 3513 1300 3575 einer
1322 3511 1506 3587 llrklaruog
1529 3512 1587 3573 des

362 3624 391 3698 ἐξ
414 3624 484 3698 ἁλός
507 3626 797 3702 herausgeklugelt
817 3627 925 3687 sein.'’

405 3741 535 3802 Revera
556 3744 788 3816 argumentum
813 3741 895 3801 iilud
913 3741 1019 3816 patris
1038 3756 1058 3801 a
1076 3740 1143 3802 filio
1162 3741 1267 3802 inscio
1289 3741 1457 3818 trucidati,
1481 3754 1587 3813 neque

362 3855 402 3915 ab
433 3855 577 3928 antiquis
608 3855 754 3916 alienum
786 3857 858 3916 erat
886 3889 925 3898 -
951 3858 989 3915 ut
1012 3855 1064 3915 vel
1087 3855 1182 3916 docet
1206 3855 1385 3930 Oedipodis
1405 3888 1461 3931 -,
1481 3869 1586 3927 neque

361 3984 381 4028 a
414 3968 543 4042 mythis
576 3970 776 4043 germanicis
793 3964 827 4037 il.
858 3970 991 4030 Necnon
1022 3968 1164 4030 arbitror
1185 3969 1324 4030 nimiam
1347 3967 1446 4030 fldem
1470 3970 1586 4030 etiam·

395 4249 414 4312 ¹)
432 4249 537 4312 Optima
560 4251 641 4311 igitur
664 4252 758 4299 schola
784 4255 842 4308 „ota
865 4247 927 4299 οἷδιν
945 4254 957 4298 d
980 4253 1076 4312 ποιητὴς
1094 4253 1123 4298 τὰ
1140 4253 1200 4299 κατὰ
1217 4251 1257 4298 τὸν
1278 4252 1406 4312 Tlpir'yovor
1423 4253 1462 4299 nni
1478 4251 1508 4297 τὰ
1525 4251 1586 4298 κατὰ

361 4345 387 4391 τὸ
405 4345 501 4408 κέντρον
518 4352 559 4402 τῆς
575 4346 695 4407 τρυγόνος.

393 4432 414 4498 ¹)
434 4438 579 4496 Ψυχάγωγοι
596 4436 628 4482 fr.
644 4437 693 4484 alt
710 4436 850 4484 Wecklein.

394 4525 417 4588 3)
434 4530 456 4575 Δ
473 4527 606 4576 Welokero
623 4532 651 4576 et
666 4527 861 4576 Wilamowitzio
878 4531 1048 4588 comparatur
1065 4541 1169 4575 carmen
1186 4526 1372 4589 Hildsbrandi3
1388 4527 1486 4573 seimus
1501 4528 1588 4573 antem

362 4619 398 4665 ibi
415 4633 466 4665 non
483 4622 585 4678 patrem
603 4634 618 4666 a
635 4621 689 4668 filio
706 4621 752 4668 sed
770 4635 785 4667 a
801 4624 877 4680 patre
894 4621 977 4668 filium
996 4633 1053 4667 esso
1068 4621 1192 4667 occisum.

394 4711 490 4769 Utique
508 4712 683 4772 comparanda
700 4716 742 4760 est
758 4710 846 4760 (latroi
863 4726 933 4760 mors
950 4706 1105 4776 ([Apollod.]
1123 4711 1187 4759 bibl.
1204 4711 1253 4763 111.
1275 4710 1298 4765 2,
1317 4707 1373 4769 16):
1394 4710 1517 4772 „Kaspeira
1530 4713 1589 4772 γήρᾳ

362 4804 522 4863 κατιχόμινος
545 4803 629 4850 ὂπόθιι
646 4804 687 4864 τὴν
703 4808 824 4868 poncinico
841 4808 991 4862 Ἀλθαιμένει
1008 4813 1040 4865 τῷ
1058 4804 1125 4850 nardi
1142 4803 1302 4867 παραδοῦναι,
1317 4802 1356 4848 καὶ
1374 4801 1414 4847 διὰ
1431 4807 1500 4846 τοῦτο
1519 4795 1589 4857 ἦλθεν
