3525 5692
727 703 768 747 nn
791 705 902 749 araon.
1380 695 1422 753 23

196 873 332 945 apparet
356 875 381 931 B
405 875 469 936 557
493 891 543 949 sq.
568 878 667 937 natos
691 891 766 937 esse
791 891 808 936 e
831 876 975 952 parodia.
1001 876 1084 952 Quid
1106 893 1185 939 vero
1208 879 1253 939 sit
1271 878 1424 962 παρφλεῖν

196 984 290 1046 docet
314 988 477 1050 scholium
502 991 542 1050 ad
567 992 605 1048 M
631 992 704 1051 175.
728 990 788 1050 Est
810 1005 946 1050 versus:

418 1099 502 1163 ἄλλοι
526 1098 553 1164 δ’
570 1098 644 1182 ἀμφ’
671 1100 778 1187 ἄλλῃσι
800 1103 901 1182 μάχην
924 1101 1068 1183 έμοέχοντο
1090 1105 1218 1188 πύλῃσι,

196 1217 334 1276 annotat
355 1218 539 1281 scholium:
566 1218 766 1302 ,παρῴοηται
789 1215 821 1280 ἐκ
843 1226 898 1279 τοῦ

239 1324 323 1389 δι’λλοι
346 1325 378 1391 δ’
404 1327 480 1409 ἀμφ’
509 1329 616 1416 ἄλλῃσι
638 1332 738 1411 μάχην
762 1330 909 1412 έμοίχοντο
931 1329 1029 1392 νέεσσι
1052 1332 1135 1404 (scil.
1159 1349 1209 1395 vs·
1234 1335 1372 1404 0414).

193 1441 269 1522 τορὸς
290 1443 379 1517 ποίας
400 1441 433 1505 δέ
444 1444 543 1518 πύλας
562 1443 733 1524 έμοίχοντοῗ
753 1442 875 1506 οδδέττω
893 1443 951 1525 γὰρ
970 1445 1170 1526 διαβεβήκασι
1189 1444 1243 1524 τὴν
1262 1446 1379 1527 τάφρον
1388 1450 1419 1510 l'’

239 1557 321 1635 Quid
352 1559 406 1620 hio
429 1560 520 1621 valet
543 1559 722 1644 παρφδεῖνλ
744 1561 869 1636 Nempe
893 1556 1071 1639 μεταφέρειν
1094 1557 1124 1632 έξ
1147 1558 1240 1622 daton
1264 1560 1305 1633 είς
1328 1557 1420 1622 ἄλλον

192 1669 297 1748 τόποι,
328 1671 376 1733 nil
399 1673 557 1750 amplius;
583 1674 648 1736 nisi
671 1675 758 1749 quod
781 1688 885 1735 unum
908 1673 1093 1735 alterumve
1118 1674 1313 1736 vocabulum
1335 1676 1420 1738 torte

193 1786 391 1848 mutandum
434 1790 516 1849 erat.
559 1789 613 1850 Sio
643 1789 678 1848 in
713 1788 884 1850 comoedia
913 1786 1068 1871 παρφδεῑν
1098 1791 1245 1866 vocatur,
1278 1787 1351 1848 ὅταν
1387 1787 1420 1850 ἐι

115 1897 120 1904 ’
193 1899 359 1985 τραγῳδίας
384 1907 606 1986 μετενεχθῇ
631 1899 647 1962 δ
668 1901 766 1981 στίχος
791 1901 909 1974 (Schol.
931 1903 985 1964 Ar.
1006 1902 1089 1963 Aah.
1109 1917 1159 1964 vs.
1180 1903 1222 1974 8).
1235 1903 1288 1964 sio
1299 1904 1420 1973 Athen.

193 2013 272 2074 VIII
292 2016 403 2076 364ss
433 2031 544 2078 sermo
574 2015 613 2078 fle
647 2017 687 2079 de
719 2015 828 2076 verbis
856 2013 933 2095 ἅπερ
955 2014 1056 2075 πάντα
1078 2012 1111 2075 έτι
1133 2024 1194 2076 τῶν
1217 2015 1258 2089 είς
1275 2011 1422 2079 Ἥσίοδον

195 2123 438 2208 ἀναφερομένων
462 2129 601 2210 μεγάλων
621 2125 737 2191 Ἠοίων
760 2127 811 2189 καλ
827 2127 949 2209 Ἔργων
972 2127 1149 2212 παρῴδηται
1172 2130 1193 2190 1.
1218 2146 1245 2190 θ.
1270 2133 1427 2194 translata

193 2243 278 2303 sunt.
311 2242 365 2304 Sic
389 2246 423 2304 et
446 2243 524 2304 alibi
549 2244 643 2324 στίχοι
666 2243 884 2329 superdueam
908 2244 928 2304 i.
952 2259 981 2306 e.
1005 2245 1245 2320 transferuntur
1267 2248 1366 2321 atque
1389 2247 1423 2307 in

193 2357 362 2418 recitando
396 2358 623 2433 superioribus
657 2359 811 2419 versibus
845 2359 1085 2434 adiumentum
1115 2359 1240 2435 saepius
1268 2362 1306 2420 ut
1335 2360 1424 2421 risus

193 2473 369 2532 moveatur
390 2472 547 2550 auditori,
571 2475 607 2534 at
625 2489 690 2534 ιιοα
707 2454 839 2549 semper,
858 2473 1054 2548 praesertim
1073 2472 1206 2534 ubinon
1218 2474 1255 2535 de
1267 2475 1424 2536 comoedia

195 2585 315 2660 agitur.
339 2587 434 2664 Nam,
459 2602 543 2661 quae
567 2604 668 2650 causa
691 2587 821 2650 iocandi
844 2590 934 2649 esset
958 2588 991 2649 in
1015 2603 1115 2649 versu
1137 2590 1176 2648 M
1202 2587 1423 2651 1757511111-

194 2716 292 2763 amus
325 2702 425 2777 igitur
460 2703 493 2762 in
526 2702 652 2764 scholio
687 2702 728 2762 ad
763 2704 802 2762 M
840 2703 902 2764 175
933 2700 1086 2786 παρφδεῖν
1115 2702 1227 2763 valere
1250 2703 1422 2776 transferre

192 2815 356 2888 ceterisque
385 2816 523 2877 uersibus
553 2816 726 2891 aaronem
757 2814 988 2898 (παρ-φιλεῖν),
1020 2815 1073 2876 vel
1103 2818 1141 2876 ut
1162 2815 1297 2877 brevius
1319 2814 1421 2890 signi-

191 2927 346 2990 ficemus:
365 2930 561 3006 interpolare.
574 2931 694 2994 Utrum
708 2946 786 2992 vero
799 2946 841 2991 ex
854 2931 926 3005 ipsa
938 2932 996 2991 tua
1006 2933 1121 2990 mente
1134 2945 1176 2991 an
1189 2945 1232 2991 ex
1244 2929 1419 3005 alioserip·

127 3110 130 3115 ⁴
186 3043 258 3102 tore
267 3057 393 3104 novum
406 3044 671 3106 additamentum
683 3045 830 3120 petieris,
843 3044 891 3104 nil
903 3044 1020 3104 refert:
1033 3043 1226 3119 interpolas.
1239 3043 1416 3105 Athenien·

189 3169 245 3216 ses
264 3156 366 3231 igitur
382 3157 423 3218 ad
441 3174 492 3220 vs.
514 3161 539 3217 Β
558 3161 623 3220 556
643 3156 818 3241 sepedum,
836 3159 857 3224 i.
871 3174 900 3220 e.
913 3157 1077 3219 addebant
1088 3172 1206 3220 versus
1217 3171 1282 3217 non
1294 3172 1337 3218 ex
1349 3156 1415 3219 alio

190 3271 324 3331 auctore
344 3273 536 3351 translatos,
558 3272 616 3334 sed
637 3273 741 3334 esuis
752 3273 899 3348 ipsorum
911 3271 1079 3333 mentibus
1090 3271 1124 3331 in
1136 3271 1273 3332 iliadem
1285 3271 1414 3332 illatos:

412 3387 490 3459 Αἴας
517 3382 544 3447 δ’
560 3385 593 3447 έιτ
617 3389 793 3465 Σαλαμῖνος
815 3383 888 3466 ίίγεν
912 3385 968 3446 δύο
990 3382 1041 3445 καλ
1066 3382 1137 3444 δέκα
1160 3393 1236 3462 νῆας

409 3494 510 3578 ’στῆσε
534 3495 563 3561 δ’
589 3498 672 3582 δίγων
695 3495 731 3560 ἵν’
761 3500 930 3578 Ἀθηναίων
953 3499 1072 3559 ἵσταντο
1092 3498 1250 3579 φάλαγγες.
1362 3565 1370 3576 ,-

235 3613 443 3689 Megarenses
465 3618 579 3678 autem
598 3613 841 3698 ἀντιπαρῴδουν,
858 3615 879 3675 i.
893 3630 920 3675 e.
933 3616 971 3674 ut
981 3612 1204 3674 Athenienses
1215 3613 1414 3690 refutarent,

190 3721 281 3798 (ἀντι)
300 3728 543 3804 interpolarent
565 3745 693 3807 versus,
714 3744 796 3804 quos
820 3730 853 3789 et
875 3727 940 3804 ipsi
962 3742 1024 3788 sua
1046 3742 1063 3787 e
1085 3729 1198 3788 mente
1221 3727 1256 3787 in
1276 3725 1412 3788 Iliadem

190 3843 451 3907 transtulerunt:

411 3957 489 4032 Αἴας
513 3953 541 4018 δ’
568 3956 600 4019 έιι
623 3961 799 4036 Σαλαμῖνος
823 3953 896 4038 ίίγεν
918 3954 989 4029 νέας
1012 3954 1046 4017 έιι
1064 3978 1094 4017 τε
1117 3956 1270 4035 Πολίχνης

410 4070 443 4133 έτι
465 4067 493 4133 τ’
519 4073 740 4154 Αίγειρούσσης
762 4071 897 4151 Νισαίης
918 4095 949 4134 τε
974 4071 1133 4153 Τριπόδων
1155 4094 1194 4133 τε.

234 4184 400 4247 Debentur
433 4189 495 4250 hae
529 4189 801 4265 interpolationes
835 4188 968 4249 saeculo
1003 4191 1110 4248 sexto.
1145 4188 1265 4247 Poetae
1298 4186 1416 4260 hymni

189 4298 317 4360 dereris
340 4303 457 4362 notum
480 4303 584 4363 tuisse
607 4318 656 4363 vs.
682 4303 746 4363 558
771 4301 901 4362 censuit
919 4301 1017 4362 Platt.
1041 4300 1171 4376 Quare?
1191 4300 1272 4376 Quia
1290 4299 1322 4359 h.
1342 4297 1412 4360 Cer.

189 4429 239 4475 va.
273 4415 338 4474 384
373 4415 489 4492 incipit
522 4432 542 4476 a
572 4416 684 4477 verbis
711 4409 811 4492 ’στῆσε
842 4408 873 4474 d’
905 4411 1004 4493 dyev!
1029 4415 1126 4476 Haud
1151 4416 1297 4476 validum
1320 4429 1412 4489 argu·

188 4533 351 4592 mentum.
386 4531 448 4590 Sed
483 4531 560 4604 quid
589 4531 780 4591 lucramur?
810 4529 897 4589 Nam
920 4531 1068 4605 tempus,
1092 4545 1156 4603 quo
1183 4529 1240 4590 ille
1268 4531 1414 4603 hymnus

186 4643 295 4704 faetus
331 4648 397 4721 est,
430 4644 569 4705 minime
592 4645 735 4707 constat.
760 4643 905 4720 Pierius,
929 4643 1139 4707 Baumeister
1162 4645 1294 4705 saeculo
1317 4643 1414 4704 sexto

185 4757 350 4848 hymnum
373 4760 611 4836 attribuerunt}
