3525 5692
354 694 393 754 16
872 704 915 750 nr
937 704 1048 750 araon.
1145 703 1153 718 ·

352 880 578 955 Telamonius,
603 875 640 939 ut
671 893 755 940 sana
786 878 895 953 poscit
925 878 1029 953 ratio,
1061 877 1095 938 in
1118 877 1238 939 mediis
1261 877 1365 954 copiis
1387 878 1459 939 suis
1481 877 1574 939 ducis

349 993 457 1057 officio
499 994 716 1070 perfungitur,
756 992 930 1054 Locrensis
965 991 1068 1067 copiis
1103 993 1173 1053 suis
1207 993 1346 1070 relictis,
1381 994 1475 1066 quasi
1509 1009 1574 1055 non

348 1110 527 1185 imperator
549 1107 608 1170 sed
627 1104 787 1184 ἐθελοντής
806 1109 910 1183 esset,
931 1108 1025 1168 iuxta
1040 1105 1273 1169 Telamonium
1284 1107 1431 1167 hostium
1444 1107 1574 1182 repellit

347 1224 521 1300 impetum.
557 1220 620 1284 Cur
651 1236 730 1282 vero
760 1221 942 1282 Locrenses
970 1221 1087 1281 ducem
1112 1235 1210 1281 suum
1235 1215 1300 1281 non
1323 1222 1418 1281 erant
1441 1221 1573 1282 secuti?

349 1337 537 1414 Respondet
560 1336 676 1411 poeta:

452 1481 456 1487 ·
572 1447 609 1509 οὐ
631 1446 688 1528 γοίρ
712 1467 767 1523 σφι
790 1446 896 1532 σταδίῃ
919 1443 1032 1530 ὑσμίνῃ
1050 1441 1154 1526 ’μίμνε
1177 1447 1268 1524 φίλον
1290 1453 1357 1528 κῆρ·

572 1560 610 1624 οδ
632 1559 689 1644 γὰρ
712 1559 780 1640 ἕχον
802 1559 940 1640 κόρυθας
963 1560 1129 1640 χαλκήρεας
1152 1561 1366 1639 ἱπποδασείας,

573 1671 639 1737 οὐδ’
667 1673 734 1754 ἔχον
758 1673 891 1747 ἀσπίδας
914 1674 1082 1748 εὐκύκλους
1105 1674 1156 1736 καί
1179 1677 1296 1754 μείλινα
1319 1676 1429 1755 δοῦρα,

571 1785 631 1851 ἀλλ’
657 1787 716 1869 ίίρα
739 1789 870 1863 τόξοισιν
892 1788 943 1850 καλ
967 1785 1121 1870 torreto?
1149 1789 1212 1863 οίδς
1235 1787 1324 1877 ἀώτῳ,

573 1905 679 1964 Filios
702 1902 744 1975 εἲς
767 1899 819 1981 ἅμ’
846 1901 955 1965 ἕποντο
977 1902 1172 1983 πεποιθότες,
1194 1898 1273 1966 οίσιν
1296 1904 1397 1966 ἔπειτα

571 2015 687 2097 ταρφέα
711 2019 879 2096 βάλλοντες
897 2018 1012 2099 Τρώων,
1028 2015 1191 2099 ’ῥήγνυντο
1215 2020 1380 2101 φάλαγγας.

393 2134 545 2196 Arcubus
555 2134 657 2208 igitur
677 2135 710 2193 et
732 2131 841 2192 lundis
859 2133 1014 2194 instructi
1034 2136 1129 2194 erant
1147 2135 1438 2212 Locrenses,“cum
1458 2150 1571 2196 eorum

348 2252 417 2312 dux
439 2251 573 2311 hastam
597 2247 749 2324 gerebat
764 2247 847 2308 Leai
867 2248 1007 2309 coniecit
1029 2251 1161 2322 poetam
1186 2251 1300 2309 contre
1322 2246 1420 2309 fidem
1444 2250 1571 2311 histori-

349 2381 422 2426 cam
459 2363 599 2425 arcubus
630 2363 811 2423 Locrenses
845 2375 994 2422 armasse
1028 2376 1086 2436 pro
1120 2378 1230 2424 rerum
1265 2363 1475 2437 antiquarum
1511 2379 1571 2425 suo

348 2493 472 2554 amore,
492 2477 684 2552 sagittarios
703 2475 794 2536 enim
812 2476 994 2536 Locrenses
1012 2490 1077 2535 non
1097 2476 1209 2537 fuisse.
1229 2477 1357 2538 Laudat
1372 2479 1571 2539 Pausaniam

347 2592 575 2667 perhibentem
595 2587 769 2650 Cretenses
789 2588 878 2649 solos
897 2589 1080 2662 antiquitus
1098 2588 1202 2650 fuisse
1220 2591 1424 2669 sagittarios,
1437 2593 1573 2653 Locren·
1678 2665 1683 2668 ¹

347 2722 402 2767 ses
421 2708 548 2780 autem,
569 2703 624 2777 qui
645 2703 730 2778 apud
750 2702 933 2763 Hesiodum
954 2702 1056 2772 (Scut.
1077 2718 1126 2763 vs.
1148 2705 1201 2774 25)
1221 2707 1379 2766 vocentur
1398 2702 1572 2786 ἀγγεμάχοι,

345 2818 477 2879 Persico
500 2833 628 2891 quoque
650 2816 737 2877 bello
760 2816 924 2877 meruisse
948 2816 1103 2891 hoplites.

390 2931 647 3006 Antiquissimis
666 2933 778 2991 autern
799 2929 1005 3005 temporibus
1020 2932 1151 3005 praeter
1163 2929 1338 2993 Cretenses
1351 2933 1435 2995 alios
1446 2948 1575 3007 quoque

347 3045 541 3120 sagittarios
563 3045 666 3105 fuisse
690 3044 809 3105 docent
832 3043 959 3118 Apollo,
983 3043 1156 3120 Hercules,
1177 3045 1336 3123 Eurytus,
1356 3047 1572 3123 Philoctetes,

347 3157 483 3234 Ulixes,
503 3157 688 3233 Pandarus,
713 3172 730 3217 e
750 3156 906 3217 Graeciae
925 3157 990 3216 orti
1008 3156 1197 3233 regionibus
1217 3158 1456 3222 diversissimis
1474 3166 1572 3238 atque

346 3286 463 3333 omnes
485 3270 608 3344 τοξόται.
633 3270 720 3346 Quae
744 3272 857 3330 autem
879 3269 943 3330 fuit
962 3285 1075 3345 causa,
1098 3286 1154 3331 cur
1173 3271 1236 3346 ipsi
1256 3273 1330 3334 duci
1349 3289 1461 3335 arcum
1474 3279 1571 3351 poeta

345 3387 504 3461 negavit?
534 3385 620 3445 Num
644 3384 729 3444 forte
751 3383 839 3444 Aiax
861 3382 940 3442 talis
962 3383 997 3442 in
1020 3383 1207 3444 auditorum
1232 3387 1399 3447 mentibus
1423 3389 1569 3467 vivebat,

345 3502 384 3561 ut
412 3499 623 3574 sagittarium
655 3497 785 3573 depingi
809 3512 886 3557 eum
910 3512 1008 3570 posse
1035 3498 1247 3572 desperaret?
1269 3500 1400 3561 Scimus
1422 3505 1568 3579 poetam,

346 3614 397 3675 cul
420 3614 581 3674 debemus
613 3611 730 3672 versus
762 3612 787 3668 B
818 3612 883 3671 529
914 3625 1000 3686 sqq.,
1034 3612 1183 3686 apposite
1207 3614 1414 3687 perhibuisse
1438 3617 1570 3678 beroem

347 3729 444 3788 hasta
466 3743 531 3788 non
555 3742 630 3787 arcu
657 3725 760 3785 inisse
784 3727 1005 3786 instructum:
1486 3736 1489 3740 ·

835 3835 935 3918 ὀλίγος
959 3835 1014 3916 μὲν
1038 3837 1092 3917 ἔην
1115 3841 1302 3920 λινοθώρηξ,

569 3952 665 4037 ἐγχείῃ
689 3947 716 4011 δ’
731 3949 870 4012 ίκίκαστο
895 3949 1091 4030 Πανέλληνας
1114 3952 1163 4013 καὶ
1187 3957 1328 4034 Ἀχαιούς.

391 4069 554 4132 Hastatus
588 4070 688 4144 igitur
723 4071 756 4128 et
777 4067 967 4145 λινοθώρηξ,
993 4069 1106 4142 quales
1130 4073 1225 4130 erant
1248 4071 1410 4133 Adrastus
1434 4075 1470 4142 (B
1493 4073 1569 4144 aab)

345 4185 510 4258 ceterique
533 4182 648 4258 Argivi
679 4181 836 4252 (certam.
868 4182 966 4244 Hom.
999 4183 1033 4242 et
1061 4183 1195 4245 Hesiod.
1228 4183 1318 4262 569),
1351 4188 1437 4247 Aiax
1460 4189 1569 4249 minor

345 4300 592 4376 depingebatur.
617 4298 713 4360 Alius
737 4315 814 4360 vero
834 4301 920 4374 erat,
941 4299 1061 4359 melius
1080 4299 1136 4372 qui
1148 4300 1252 4360 armis
1264 4301 1334 4361 suis
1347 4316 1421 4362 cum
1434 4302 1571 4362 Locren·

345 4414 438 4474 sibus
477 4413 662 4488 sagittariis
705 4413 910 4489 conveniret,
948 4427 1065 4488 nempe
1100 4412 1225 4475 Teucer
1258 4415 1448 4477 'telamonis
1482 4415 1570 4477 illius
1657 4451 1661 4456 ·

345 4527 482 4604 nothus,
515 4527 652 4587 maioris
672 4527 796 4587 ¹Aiacis
831 4528 936 4588 irater
958 4527 1053 4599 τόξων
1076 4524 1110 4586 λὺ
1133 4528 1251 4600 aalide.
1276 4528 1365 4604 Quod
1389 4530 1430 4590 ad
1454 4530 1571 4590 Aiaces

345 4639 481 4718 attinet,
515 4641 578 4701 hac
612 4654 740 4714 quoque
774 4641 808 4700 in
844 4657 878 4703 re
913 4642 1001 4702 inter
1023 4656 1061 4702 se
1084 4644 1301 4720 conveniunt,
1325 4644 1410 4716 quod
1433 4645 1570 4716 uterque

345 4769 477 4832 semper
499 4754 573 4816 init
586 4754 734 4816 hastifer.
1517 4763 1521 4769 ’
