3525 5692
372 741 434 800 198
729 759 770 802 nn
794 759 1011 806 uueemuonrs
1035 759 1229 805 nnnneoum.

368 930 553 1005 pretatione
594 931 701 992 Procli
742 935 916 994 verborum
960 933 1047 993 male
1082 933 1329 993 distractorum.
1364 931 1472 990 Verba
1506 930 1595 990 enim

371 1039 442 1118 ,aui
472 1043 613 1116 ξενίζεται
642 1043 725 1125 παρὰ
757 1045 918 1132 Πολυξένῳ
949 1046 1049 1125 δῶρον
1079 1068 1109 1106 τε
1132 1045 1279 1123 λαμβάνει
1302 1052 1435 1123 κρατῆρα
1457 1041 1509 1103 καὶ
1531 1039 1597 1102 ἐπὶ

369 1156 491 1240 τούτῳ
514 1156 558 1216 τὰ
580 1157 670 1237 περὶ
705 1161 941 1238 Τροφώνιον
971 1158 1036 1220 καὶ
1067 1158 1286 1240 Ἀγαμήδην
1317 1155 1383 1217 καὶ
1415 1153 1596 1236 Αὐγέαν”

370 1271 472 1331 vertit
490 1271 672 1333 Svorouos:
696 1273 832 1348 ,Ulixes
852 1275 995 1350 hospitio
1014 1274 1176 1348 Polyxeni
1195 1274 1309 1349 utitur,
1328 1273 1491 1332 crateram
1506 1270 1599 1331 abeo

370 1384 453 1444 dono
483 1387 615 1460 accipit,
646 1387 756 1447 delum
778 1392 962 1462 sequuntur
985 1389 1067 1458 (scil.
1090 1388 1125 1447 in
1149 1386 1337 1460 Telegonia)
1360 1385 1474 1445 itinera
1497 1385 1599 1444 herois

369 1499 413 1558 ad
438 1498 660 1575 Trophonium,
685 1502 728 1561 ud
751 1501 977 1576 Apameuemx‘
998 1502 1115 1578 Quidni
1136 1517 1214 1561 vero
1235 1499 1437 1574 significent:
1461 1499 1599 1575 ,Ulixes

370 1615 489 1689 accipit
516 1619 692 1689 crateram,
717 1615 835 1676 deinde
858 1618 1008 1689 sequitur
1031 1617 1065 1674 in
1089 1615 1267 1689 Telegonia
1288 1615 1435 1674 narratio
1460 1615 1498 1673 de
1522 1613 1598 1672 Tro-

369 1728 484 1802 phonii
506 1729 602 1802 dolis,
629 1730 760 1803 qualem
783 1730 824 1789 ab
848 1730 957 1802 aliquo
976 1729 1163 1804 Demodooo
1183 1729 1345 1802 Polyxeni
1363 1729 1397 1788 in
1416 1729 1506 1802 regia
1526 1741 1599 1786 can-

370 1843 478 1901 tatam
492 1857 565 1902 esse
577 1841 672 1917 fingit
684 1844 814 1918 poeta’‘.
828 1838 846 1912 ¹)
860 1843 950 1918 Quod
963 1844 993 1903 si
1005 1858 1123 1902 verum
1136 1843 1276 1918 videtur,
1290 1843 1450 1902 discimus
1462 1858 1479 1901 e
1491 1840 1602 1900 Procli

372 1956 494 2029 verbis,
526 1956 560 2015 in
591 1957 698 2030 priore
728 1956 924 2031 Telegoniae
947 1961 1041 2031 parte
1063 1957 1168 2018 fuisse
1193 1960 1288 2017 haec:
1316 1957 1425 2030 ,proci
1448 1955 1602 2030 sepulcro

370 2070 565 2146 conduntur,
589 2070 754 2131 sacrificat
776 2071 895 2132 Ulixes
918 2072 1093 2147 Nymphis,
1119 2074 1152 2130 in
1176 2071 1300 2131 Elidem
1321 2069 1538 2146 proficiscitur
1557 2069 1600 2127 ad

369 2186 522 2244 armenta
552 2199 614 2244 sua
644 2185 796 2259 visenda,
828 2185 971 2260 hospitio
1004 2185 1166 2260 excipitur
1197 2202 1216 2245 a
1240 2185 1407 2259 Polyxene
1431 2198 1516 2258 rege,
1541 2185 1601 2255 qui

370 2297 523 2358 Eleorum
544 2299 584 2358 ad
603 2298 734 2358 Troiam
754 2299 820 2359 dux
839 2298 961 2373 fuerat,
983 2299 1067 2358 douo
1089 2299 1205 2373 accipit
1226 2303 1403 2372 crateram,
1420 2297 1509 2357 aridii
1521 2295 1598 2355 Tro·

370 2412 483 2486 phonii
500 2410 663 2484 fabulam3
683 2413 824 2485 denique
843 2413 1023 2474 revertitur
1035 2415 1199 2489 ithacam,
1214 2413 1269 2473 ubi
1282 2413 1427 2472 Tiresiae
1440 2411 1602 2472 mandata

370 2528 548 2585 exsecutus
559 2503 721 2585 'omnibus
740 2526 905 2586 caelicolis
925 2525 1123 2587 sacrificat.’‘
1144 2526 1242 2587 Plura
1262 2525 1414 2600 equidem
1436 2540 1477 2584 ex
1492 2523 1603 2583 Procli

371 2637 479 2698 verbis
509 2637 635 2698 efficere
666 2654 810 2712 nequeo;
838 2639 884 2699 nil
908 2640 954 2699 ibi
978 2641 1144 2700 invenitur
1168 2641 1207 2700 de
1230 2639 1340 2700 Ulixis
1364 2642 1397 2698 in
1420 2639 1600 2700 Arcadiam

352 2746 503 2826 itinere,
528 2751 573 2812 nil
596 2752 636 2812 de
658 2753 869 2827 navigatione
889 2755 929 2812 ad
950 2753 1186 2827 Trophonium.
1208 2753 1354 2814 Concidit
1375 2753 1474 2826 igitur
1493 2749 1603 2810 maior

371 2880 448 2940 pars
473 2866 715 2942 explicationis,
740 2882 841 2940 quam
865 2866 1031 2927 Svorouos
1055 2867 1094 2927 de
1115 2883 1253 2928 nummo
1274 2865 1492 2927 Mantineensi
1509 2879 1602 2939 prae·

371 2979 452 3038 buit.
476 2979 559 3038 Nam
583 2986 620 3037 ut
643 2979 800 3056 explicet,
825 2995 883 3040 cur
905 2981 1117 3056 potissimum
1147 2980 1251 3040 Uliam
1270 2981 1303 3040 in
1323 2994 1460 3039 nummo
1478 2977 1535 3037 illo
1555 2977 1605 3036 sit

372 3092 533 3168 depictus,
559 3109 576 3153 e
600 3092 776 3167 Telegonia
799 3092 897 3154 efficit
920 3093 1053 3154 Ulixem
1078 3096 1141 3154 iter
1165 3095 1198 3154 in
1223 3095 1398 3153 Arcadiam
1421 3093 1461 3153 ad
1486 3105 1602 3164 regem

373 3205 560 3280 Stymphali
582 3207 718 3279 fecisse,
743 3222 849 3284 porro,
875 3211 912 3267 ut
939 3210 1041 3267 vestis
1060 3208 1229 3284 insolitae,
1252 3223 1315 3281 qua
1329 3203 1548 3266 homunculus
1568 3204 1604 3263 in

374 3336 510 3382 nummo
537 3324 588 3381 est
611 3322 760 3397 indutus,
785 3322 949 3382 rationem
973 3323 1100 3397 reddat,
1127 3339 1169 3382 ex
1193 3323 1306 3382 eadem
1332 3319 1508 3394 Telegonia
1531 3333 1599 3393 pro·

374 3435 451 3495 bare
473 3435 599 3511 studet,
623 3434 757 3495 Ulixem
782 3435 822 3495 ad
846 3435 1071 3510 Trophonium
1091 3436 1274 3510 profectum
1295 3451 1368 3495 esse
1389 3415 1487 3505 atque
1507 3447 1606 3492 sacra

375 3551 469 3609 veste
489 3549 649 3608 amictum
663 3542 686 3617 ²)
706 3550 739 3608 in
759 3549 935 3610 Arcadiam
956 3549 1098 3610 venisse.
1120 3551 1195 3625 Sed,
1211 3565 1286 3609 cum
1298 3550 1365 3608 iarn
1378 3549 1461 3608 satis
1473 3551 1605 3606 constet

375 3661 509 3722 Ulixem
543 3677 647 3736 neque
681 3663 906 3737 Trophonium
938 3663 1147 3723 cousuluisse
1178 3679 1283 3737 neque
1310 3663 1384 3723 iude
1407 3661 1545 3721 rediisse
1568 3660 1604 3718 in

375 3776 565 3853 Arcadiam,
601 3777 707 3837 fulcra
741 3778 858 3850 quibus
890 3777 1031 3837 Svoroni
1062 3778 1238 3852 explicatio
1269 3779 1386 3838 nititur
1416 3776 1604 3837 concidunt.

375 3893 541 3953 Nummus
575 3891 728 3951 laudatus
762 3892 943 3964 imaginem
978 3892 1114 3967 praehet
1149 3894 1337 3969 obscuram,
1374 3893 1459 3951 mira
1493 3894 1602 3967 veste,

375 4006 496 4066 calceis
526 4005 685 4081 insolitiS,
716 4006 833 4081 capitis
856 4007 1027 4080 tegumine
1051 4007 1311 4067 extraordinario
1335 4008 1499 4079 ornatam,
1521 4020 1605 4079 quae

411 4274 429 4337 ¹)
447 4276 598 4337 Apollodori
613 4279 761 4336 fragmenta
778 4278 928 4324 Sabbuitica
951 4281 978 4325 et
997 4278 1123 4325 Vaticana
1145 4276 1208 4335 (vid.
1228 4278 1269 4325 ed.
1288 4278 1375 4337 Wagu.
1391 4278 1520 4325 Biioheler
1538 4279 1605 4325 hius.

377 4371 458 4417 Rhen.
477 4371 532 4417 Vol.
550 4370 631 4416 XLVI
648 4382 673 4429 p.
690 4370 847 4426 rel-192),
862 4382 921 4416 cnm
937 4371 986 4415 iter
1001 4371 1027 4416 in
1041 4367 1145 4416 Elidem
1159 4383 1206 4415 ναι
1220 4371 1384 4425 contineant,
1402 4369 1451 4415 heo
1466 4369 1499 4416 de
1513 4382 1607 4428 quaes·

377 4461 447 4510 tione
465 4459 502 4509 nil
519 4475 567 4508 nos
584 4462 678 4508 dooere
695 4463 815 4521 possunt.
831 4459 931 4507 Iniuria
947 4459 1028 4520 igitur
1045 4459 1073 4506 E.
1091 4462 1180 4519 Meyer
1196 4459 1318 4519 (Hermes
1333 4461 1402 4508 XXX
1419 4475 1444 4520 p.
1463 4457 1524 4524 260)
1541 4461 1607 4508 haec

378 4556 525 4613 fragmenta
542 4557 623 4600 testes
641 4551 669 4599 in
686 4551 812 4600 indicium
830 4551 940 4600 vocavit.

411 4641 433 4704 ²)
448 4645 525 4692 Pane.
541 4645 578 4691 IX
593 4647 639 4699 39,
655 4647 682 4692 8:
699 4650 813 4700 „torviore
826 4645 867 4690 chr
880 4653 969 4704 χιτῶνα
983 4644 1136 4698 inchoabat?
1155 4641 1172 4690 i.
1190 4657 1212 4690 e.
1231 4647 1317 4689 vestes
1335 4644 1430 4690 taeniis
1448 4642 1540 4690 cincias
1556 4657 1607 4690 non

379 4741 527 4784 succinctae
543 4738 718 4784 induebantur
737 4737 914 4796 Trophonium
932 4736 1040 4792 adituri3
1059 4750 1141 4795 quare
1158 4737 1225 4783 Max.
1244 4737 1302 4795 Tyr.
1321 4734 1383 4782 diss.
1402 4738 1446 4794 14,
1461 4737 1476 4782 2
1492 4737 1608 4795 loquitur

381 4830 414 4876 de
430 4832 507 4891 ὀθόνῃ
524 4831 658 4892 ποδήρει.
676 4830 732 4876 vid.
750 4830 874 4876 Denbner
891 4830 923 4876 de
941 4830 1112 4877 incubatione
1130 4844 1155 4889 p.
1174 4830 1214 4874 25.
1631 4817 1634 4821 ’
