3525 5692
892 708 934 752 DE
956 707 1069 752 Amor.

591 879 631 951 ὥς
654 901 684 939 τε
707 877 782 940 λέων
806 878 896 959 ἐχάρη
919 879 1036 965 μεγάλῳ
1061 877 1110 940 ἐπὶ
1133 879 1248 957 σώματι
1271 880 1384 959 κύρσας

591 990 689 1072 εὑρὼν
711 989 731 1072 ἣ
755 988 871 1068 ἔλαφον
893 991 1003 1072 κεραὸν
1026 990 1046 1072 ἢ
1070 991 1177 1072 ἄγριον
1197 986 1268 1072 αἶγα
1292 997 1354 1056 etc.

411 1109 522 1182 Neque
564 1106 651 1181 fugit
691 1106 908 1167 scholiastam
938 1121 992 1168 res
1025 1106 1237 1182 perridicula,
1275 1106 1449 1167 annotavit
1482 1106 1587 1166 enim:

369 1221 426 1299 ,od
446 1228 656 1301 συμμαχοῦσιν
675 1217 814 1298 ἀλλήλοις
833 1216 988 1292 alavart
1009 1220 1124 1281 Nonne
1150 1221 1261 1295 potius
1284 1220 1435 1281 dicemus
1457 1221 1590 1296 poetam

365 1336 487 1398 idcirco
506 1337 651 1411 imagine
670 1336 774 1396 luisse
794 1334 951 1411 abusum,
971 1335 1049 1408 quia
1067 1335 1186 1395 Aiaces
1205 1335 1362 1396 divellere
1375 1348 1481 1409 neque
1494 1334 1595 1396 vellet

366 1467 472 1524 neque
495 1451 633 1526 posset?

412 1566 452 1623 M
480 1565 545 1624 343
576 1579 646 1637 sqq.
678 1563 889 1624 Menestheus
918 1562 1134 1623 Atheniensis
1165 1563 1205 1623 ad
1227 1563 1349 1624 Aiaces
1371 1563 1477 1624 mittit
1500 1563 1590 1624 hisce

364 1679 491 1740 verbis:
525 1680 713 1753 ,praestare
745 1677 868 1738 auxilio
899 1678 929 1737 si
960 1679 1097 1737 veniant
1122 1678 1243 1754 ambo,
1260 1677 1313 1737 sin
1337 1677 1408 1739 fleri
1431 1679 1590 1753 nequeat,

363 1793 454 1854 solus
477 1791 590 1857 veniat
608 1791 695 1853 Aiax
715 1793 829 1868 maior,
850 1792 908 1851 sed
928 1804 1043 1851 secum
1063 1793 1142 1865 agat
1160 1789 1323 1851 Teucrum
1345 1791 1589 1866 sagittarium.”

363 1906 411 1967 En
434 1905 526 1966 venit
553 1919 640 1965 unus
663 1903 890 1980 Telamonius,
916 1906 950 1964 at

586 2020 640 2077 loc
666 2021 797 2097 Τεῦκρος
821 2012 867 2094 ἅμ’
894 2010 930 2100 ᾖε
953 2016 1135 2096 κασίγνητος
1158 2015 1208 2076 καὶ
1233 2014 1372 2097 ὄπατρος.

406 2133 530 2194 Teucer
558 2132 660 2207 igitur
691 2132 753 2192 hoc
783 2132 854 2192 loco
883 2145 942 2206 pro
966 2131 1049 2191 Oilei
1073 2130 1141 2192 tilio
1164 2131 1254 2193 latus
1277 2132 1363 2207 tegit
1385 2131 1587 2192 Telamonio.

361 2247 439 2321 Quis
469 2262 548 2307 vero
571 2245 692 2313 tertius
715 2260 782 2304 una
804 2245 1038 2320 progreditur?
1060 2245 1278 2305 Atheniensis
1302 2245 1386 2306 nulli
1409 2245 1587 2321 secundus,

361 2361 450 2435 regio
482 2375 500 2420 e
530 2360 693 2434 sanguine
725 2362 868 2435 creatus,
901 2359 1067 2420 Pandion!
1093 2356 1292 2420 (iurantem
1319 2375 1377 2421 eos
1400 2357 1588 2434 comitetur,

362 2489 429 2535 non
451 2473 550 2535 facile
574 2473 764 2536 conieceris.
788 2464 864 2534 Fert
889 2448 1048 2533 nimirum
1072 2473 1188 2534 Teucri
1213 2476 1348 2533 arcumi
1445 2511 1448 2517 ·

590 2586 737 2647 Πανδίων
760 2586 899 2665 -Τεύκρον
917 2581 1006 2665 ’φέρε
1029 2587 1173 2664 καμπύλα
1197 2585 1286 2658 rogor!
1310 2589 1362 2657 (M
1383 2587 1458 2657 372)

406 2702 468 2763 Hic
492 2705 581 2763 uerte
606 2701 794 2762 exclamas:
822 2697 858 2777 ,d
882 2698 1004 2778 τοξότης
1027 2697 1127 2760 ἔόικεν
1151 2699 1188 2760 οὔ
1212 2698 1339 2779 σμικρὸν
1359 2701 1518 2779 φρονεῖν’,
1535 2701 1592 2773 qui

362 2831 476 2876 arcum
499 2819 575 2892 post
598 2833 634 2877 se
657 2816 742 2878 ferre
760 2816 872 2877 iubeat
891 2816 1132 2878 Atheniensem
1151 2816 1224 2877 loco
1244 2816 1451 2877 nobilissimo
1463 2818 1592 2877 natum.

363 2930 426 2991 Sed
448 2931 526 3003 quid
549 2931 673 2991 Teucer
696 2931 777 3006 ipse,
802 2931 927 2991 Teucer
950 2931 1161 3007 sagittarius,
1186 2929 1314 2991 ferebat
1336 2932 1375 2989 ut
1400 2928 1545 2990 satellite
1564 2930 1596 2988 ei
1676 2979 1679 2983 ,

362 3058 445 3119 opus
474 3045 587 3104 esset?
610 3045 748 3105 Frustra
770 3046 884 3119 rogas!
909 3045 1050 3104 Prorsus
1072 3057 1345 3118 supervacaneus
1367 3043 1512 3104 Pandion
1536 3041 1593 3102 ille

362 3157 505 3234 videtur,
521 3158 591 3231 qui
622 3158 820 3232 quantocius
849 3158 927 3218 hinc
957 3157 1118 3218 facessat!
1144 3157 1189 3217 At
1211 3157 1298 3218 unde
1318 3157 1451 3232 irrepsit
1474 3171 1593 3217 versus

361 3271 429 3338 iam
454 3271 494 3331 ab
518 3272 712 3335 Aristarcho
732 3267 1015 3349 καταβεκισμένοςῖ
1037 3271 1121 3347 ,Der
1139 3272 1244 3331 Name
1263 3272 1412 3333 Pandion
1431 3271 1520 3347 zeigt
1539 3286 1593 3331 es:

362 3399 397 3446 er
420 3384 465 3445 ist
484 3385 558 3454 eine
578 3385 719 3446 attisehe
739 3385 1009 3461 interpolation”.
1029 3385 1174 3456 (Wilam.
1194 3385 1291 3446 Hom.
1310 3386 1446 3447 Unters.
1460 3402 1490 3462 p.
1505 3387 1592 3456 245).

283 3557 297 3582 ,
360 3499 454 3564 Itane
466 3500 569 3560 vero?
582 3500 763 3563 exclamas.
777 3500 879 3573 Attici
895 3500 997 3574 igitur
1017 3499 1243 3560 clarissimum
1264 3516 1394 3577 regem,
1413 3500 1592 3561 dummodo

361 3613 516 3682 inlliade
537 3612 646 3683 locum
666 3614 817 3690 haberet,
839 3613 964 3674 Teucro
984 3622 1023 3696 τῷ
1042 3610 1147 3696 τοξότῃ
1170 3614 1297 3675 servire
1320 3613 1468 3691 perpessi
1490 3602 1593 3696 sunt?

361 3725 425 3786 Vix
460 3725 613 3787 credibile
649 3727 788 3788 videtur.
824 3727 870 3816 At
899 3727 948 3786 sic
977 3726 1155 3787 voluerunt
1177 3728 1414 3804 Eurysacidae,
1440 3729 1496 3801 qui
1517 3729 1593 3803 post

361 3840 564 3902 Salaminem
596 3843 729 3917 captam
758 3841 901 3901 Athenis
924 3855 1049 3916 magna
1071 3841 1176 3916 gloria
1198 3840 1407 3902 fruebantur!
1434 3842 1592 3903 Talemne

360 3954 463 4030 igitur
497 3955 682 4029 potentiam
713 3955 907 4016 obtinebant
932 3955 1159 4030 Eurysacidae
1182 3957 1215 4017 in
1238 3957 1333 4034 urbe,
1358 3934 1422 4031 quo
1446 3957 1592 4017 advenae

232 4059 236 4065 ’
362 4069 546 4142 venissent,
581 4071 618 4128 ut
649 4075 709 4128 τῶν
733 4067 933 4147 αὐτοχθόνων
964 4084 1093 4146 regern,
1118 4085 1184 4131 non
1208 4071 1301 4131 heroi
1323 4085 1384 4132 suo
1410 4084 1589 4146 eponymo,

360 4182 417 4242 sed
437 4183 562 4242 Teucro
581 4183 741 4243 serviisse
762 4198 878 4244 canere
898 4186 1058 4258 possent?
1077 4185 1185 4258 Atque
1204 4183 1237 4244 id
1257 4199 1334 4245 curn
1355 4184 1503 4245 Pandion
1519 4183 1592 4258 ipsa

360 4297 394 4357 in
414 4311 488 4356 arce
508 4291 609 4379 ἡρῷον
630 4297 816 4371 possideret
836 4298 945 4368 (Paus.
967 4297 997 4374 I,
1019 4301 1053 4374 5,
1067 4299 1088 4359 4
1102 4298 1142 4359 cf.
1155 4298 1290 4359 Iudeich
1302 4299 1440 4373 Topogr.
1453 4313 1484 4372 p.
1499 4298 1589 4372 255),

359 4411 482 4471 Teucer
517 4412 633 4470 contra
665 4426 708 4469 ne
743 4413 895 4472 statuam
925 4412 1060 4484 quidem
1090 4412 1268 4473 habuerit?
1299 4412 1472 4473 Monemus
1494 4411 1590 4472 inter·

357 4524 542 4599 potatorem
565 4537 665 4598 versu
688 4525 733 4582 M
751 4525 815 4586 372
840 4525 1002 4596 maluisse
1019 4525 1204 4603 ,Pandionis
1228 4525 1370 4602 gloriam
1393 4526 1591 4601 detrectare,

357 4651 457 4710 quam
476 4637 568 4698 illam
588 4638 704 4698 Teucri
725 4653 855 4713 augere.
878 4639 1050 4717 Maluisse,
1072 4641 1107 4703 at
1125 4655 1190 4701 non
1211 4641 1373 4717 potuisse,
1395 4654 1473 4700 nam
1486 4639 1591 4713 siquis

354 4750 441 4812 alius
460 4751 607 4812 Pandion
626 4752 713 4826 apud
734 4753 887 4826 posteros
908 4752 998 4814 cultu
1018 4753 1141 4815 floruit.
1163 4754 1266 4829 ,Dem
1286 4754 1470 4815 Andenlren
1483 4753 1591 4815 dieses
