3525 5692
680 701 722 747 nn
744 701 855 747 arnon.
1337 692 1379 752 99

199 875 441 936 Dubitamusne
463 876 542 950 quin
564 875 667 936 etiam
691 875 826 937 Telamo
849 877 1004 937 Herculis
1027 880 1140 938 contra
1158 879 1255 940 llleos
1273 881 1383 942 socius

156 989 267 1048 media
289 1005 307 1049 e
330 989 466 1050 Graecia
488 989 629 1050 tralatus
650 990 697 1049 sit
718 990 753 1048 in
775 990 975 1068 Arcadiam?

204 1102 325 1178 Quodsi
357 1104 432 1178 quis
461 1105 568 1180 rogat,
602 1105 734 1166 cuinam
764 1103 884 1179 populo
903 1106 1099 1179 praesertim
1124 1107 1282 1168 debeatur
1305 1111 1382 1170 emi·

156 1216 264 1289 gratio
296 1216 356 1278 illa
388 1219 577 1293 nominum,
613 1232 697 1292 quae
727 1232 785 1292 per
811 1218 916 1277 totam
937 1219 1081 1280 mediam
1106 1220 1293 1298 Graeciam,
1325 1238 1383 1297 per

146 1329 299 1406 Elidem,
331 1331 507 1392 Arcadiam
536 1330 847 1407 septentrionalem,
881 1331 1009 1392 insulas
1032 1333 1130 1394 Sinus
1153 1335 1300 1397 Saronici
1322 1336 1383 1396 dis-

158 1459 255 1516 persa
284 1446 415 1506 tanturn
447 1460 512 1505 non
541 1446 654 1505 omnia
685 1445 855 1506 Locridem
878 1446 1072 1522 respiciant,
1095 1447 1144 1506 ita
1166 1449 1203 1507 ut
1226 1451 1385 1522 appareat

156 1558 270 1619 Iliadis
290 1559 424 1618 heroem
442 1558 665 1618 fortissimum
683 1573 701 1618 e
721 1558 938 1619 daemonibus
950 1558 1166 1621 Locrensibus
1177 1563 1383 1638 provenisse,

157 1671 398 1746 respondemus
419 1669 524 1730 fnisse
547 1670 695 1744 Leleges.
718 1671 762 1730 Hi
784 1685 912 1744 quoque
936 1671 1085 1747 fuerunt,
1109 1674 1262 1734 homines
1282 1675 1311 1735 si
1330 1675 1386 1748 qui

156 1784 213 1844 alii
234 1784 413 1844 maritimis
428 1783 530 1843 dediti
545 1783 658 1859 rebus,
678 1783 734 1856 qui
745 1785 855 1844 totum
867 1783 955 1845 huno
967 1784 1092 1845 cultum
1106 1787 1385 1864 praeachaicum,

155 1911 256 1970 quem
291 1912 356 1957 non
387 1896 507 1956 iniuria
536 1895 712 1971 lelegeium
735 1896 977 1972 nominaveris,
1002 1912 1118 1957 secum
1141 1900 1387 1961 transtulerunt

157 2011 320 2070 orientem
344 2026 461 2072 versus
483 2012 518 2069 in
541 2009 658 2069 Asiam
683 2009 856 2071 Minorem.

454 2585 570 2652 XVII.
599 2587 782 2669 Parergon
804 2585 1097 2670 mythologicum.

209 2798 430 2860 versabamur
464 2797 607 2874 daphyis
640 2799 674 2859 in
709 2798 936 2874 Peloponneso
974 2815 1075 2876 prope
1110 2801 1151 2861 ab
1186 2801 1392 2862 Orchomeno

163 2916 263 2988 atque
293 2911 527 2974 statuebamus
558 2928 622 2973 non
652 2912 759 2972 multo
789 2912 868 2973 hinc
891 2910 1066 2974 abessent
1089 2913 1218 2992 Appiam
1242 2910 1306 2991 ὄρη.
1330 2914 1392 2974 Sed

161 3029 197 3086 in
226 3027 298 3102 ipsa
328 3027 428 3086 buius
457 3026 583 3086 montIs
615 3026 736 3086 vicinia
767 3026 856 3087 aliud
886 3041 1009 3087 nomen
1036 3028 1204 3088 troianum
1235 3028 1391 3102 occurrit,

162 3141 249 3215 quod
280 3142 372 3202 hisce
401 3142 441 3202 de
471 3141 570 3201 rebus
597 3140 772 3215 agentibus
795 3141 935 3201 minime
958 3141 1092 3202 silentio
1115 3142 1392 3216 praetereundum

165 3255 306 3316 videtur.

208 3367 366 3443 Legimus
396 3368 486 3428 enim
516 3367 614 3428 Palis.
646 3367 723 3426 VIII
747 3367 801 3442 24,
826 3367 863 3426 3:
898 3364 980 3441 ,ἔστι
1011 3361 1044 3424 δὲ
1074 3363 1125 3424 καί
1150 3367 1336 3426 Ζακυνθίων
1359 3376 1394 3448 τῇ

164 3478 327 3559 ἀκροπόλει
354 3479 464 3559 Ψωφίς
489 3479 599 3558 ὄνομα,
627 3479 672 3540 δτι
694 3478 806 3540 ναυσίν
830 3478 859 3552 ἐς
883 3477 938 3556 τὴν
961 3489 1058 3557 νῆσον
1082 3478 1256 3557 ἐπεραιώθη
1279 3491 1396 3559 πρῶτος

163 3593 216 3656 καί
241 3593 355 3674 ἐγένετο
380 3593 512 3671 οἰκιστὴς
535 3591 613 3671 ἀνὴρ
642 3592 871 3671 Ψωφίδιος,
895 3593 1061 3666 Ζάκυνθος
1085 3590 1101 3653 δ
1126 3594 1373 3667 Δαρδάνουῆ

209 3709 374 3786 Psophide
406 3709 508 3783 igitur
542 3707 715 3768 habitabat
749 3708 830 3769 olim
866 3709 964 3768 heros
998 3709 1133 3769 nomine
1167 3707 1321 3768 Dardani.
1353 3709 1398 3767 At

165 3823 240 3897 quia
263 3823 370 3884 nescit
392 3822 582 3882 Dardanum
607 3836 681 3882 esse
704 3821 855 3891 heroem,
880 3835 980 3894 quem

567 3939 689 4012 πρῶτον
711 3930 819 3993 ’τίκετο
843 3931 1059 4014 νεφεληγερέτα
1083 3933 1174 4008 Ζεὺς,

343 4043 453 4108 ’κτίσσε
480 4044 513 4107 δὲ
537 4047 727 4125 Δαρδανίην,
751 4045 815 4107 ἐκεί
839 4044 876 4107 οὔ
901 4068 948 4107 ττοι
973 4048 1073 4120 Ρίλιος
1096 4049 1146 4128 ἱρὴ

346 4160 378 4222 ἐν
401 4161 496 4245 ττεδίῳ
515 4155 716 4221 ’πεττόλιοτοῗ

212 4275 300 4337 Alibi
334 4291 462 4350 quoque
495 4276 639 4336 Dardani
668 4291 791 4337 nornen
822 4275 875 4335 vel
906 4276 1017 4351 potius
1046 4277 1230 4339 Dardaniae
1259 4277 1341 4337 illud
1364 4275 1402 4337 fit

165 4391 312 4450 obvium.
336 4389 545 4450 Habitabant
566 4389 709 4449 Dardani
733 4389 767 4447 in
787 4387 903 4462 Illyria
922 4389 1054 4459 (Athen.
1073 4389 1160 4466 VIII,
1183 4392 1270 4461 343).
1292 4392 1400 4453 Strab.

166 4502 250 4577 (VII,
276 4505 351 4575 313)
375 4504 420 4564 ibi
443 4506 616 4565 coniunxit
639 4504 834 4565 Autariatae
858 4505 892 4563 et
915 4504 1048 4576 gentem
1068 4505 1302 4566 Dardanicam.
1322 4506 1401 4568 Gon·

166 4617 246 4679 iecit
276 4617 354 4678 Iliolr
386 4616 515 4696 (Vorgr.
548 4618 658 4678 Ortsn.
682 4632 714 4691 p.
741 4617 816 4683 108)
847 4614 987 4697 Leleges
1011 4632 1054 4677 ex
1077 4619 1152 4694 ipsa
1174 4619 1288 4694 IllyrIa
1311 4623 1403 4681 ortos

167 4746 224 4805 per
259 4730 446 4807 Graeciam,
489 4732 620 4792 insulas
653 4734 806 4806 Aegaeas
847 4731 881 4790 in
917 4730 1034 4792 Asiam
1070 4735 1234 4795 minorem
1269 4737 1424 4797 venisse
