3525 5692
343 667 363 726 8
865 682 907 726 ue
929 682 1040 728 araon.

334 853 438 913 illum
457 853 616 914 nimirum
637 855 753 928 petens
772 867 925 930 scopum,
939 854 996 927 qui
1007 869 1108 929 supra
1119 854 1257 915 loricam
1268 857 1378 918 nudus
1390 855 1566 917 eminebat.

343 965 448 1044 Quam
471 965 511 1025 ob
535 979 670 1026 causam

742 1079 851 1140 Αἴαντι
873 1080 1116 1158 περιδδείσαντες
1139 1079 1267 1160 Ἀχαιοὶ-

477 1190 691 1271 παυσαμένους
717 1190 875 1254 ἐκέλευσαν
900 1190 1008 1254 ἀέθλια
1030 1188 1094 1253 έῖδ
1119 1192 1285 1254 ἀνελέσθαι
1329 1200 1391 1266 (vs.
1411 1196 1476 1255 822
1496 1198 1568 1268 sd).

387 1308 595 1371 Conveniunt
627 1324 702 1369 cum
735 1308 862 1370 scholio
894 1309 934 1369 ad
963 1312 997 1368 Ψ
1017 1310 1097 1384 821,
1126 1324 1210 1384 quae
1232 1311 1367 1372 tradidit
1389 1309 1570 1371 scholiasta

338 1424 384 1484 ad
407 1423 506 1497 Soph.
530 1422 696 1482 Aiac..vs.
725 1423 808 1484 888:

392 1513 658 1615 ,παραδεδομένον
691 1531 724 1595 δέ
749 1534 825 1596 κατὰ
849 1535 994 1614 ἱστορίαν,
1017 1535 1063 1597 δτι
1084 1535 1160 1596 κατὰ
1181 1535 1216 1597 τὸ
1237 1535 1310 1597 ἄλλο
1332 1546 1417 1614 σῶμα
1439 1533 1568 1614 άτρωτος

343 1643 383 1730 ἦν
413 1647 430 1712 δ
454 1649 545 1727 Αἴας,
567 1647 642 1709 κατὰ
664 1646 698 1709 δέ
720 1647 775 1727 τήν
798 1649 1117 1730 μασχάλην<μδνην>
1143 1649 1253 1729 τρωτδς
1276 1648 1327 1712 διὰ
1350 1649 1383 1710 τδ
1404 1647 1458 1709 τὸν
1475 1644 1565 1727 Ἥρα-

342 1762 413 1824 κλέα
443 1773 479 1848 ιγ]
509 1769 614 1848 λεοντῇ
646 1761 740 1824 αὐτὸν
771 1763 961 1824 σκευάσαντα
990 1762 1067 1823 κατὰ
1095 1774 1182 1825 τοῦτο
1212 1763 1245 1825 τὸ
1270 1761 1359 1843 μέρος
1382 1761 1569 1823 άσκέπαστον

344 1876 429 1943 ἐᾶσωλ
460 1875 511 1937 διὰ
540 1875 592 1938 τὸν
617 1876 754 1958 γωρυτὸν
785 1873 820 1937 δν
853 1875 1027 1958 περιέκειτο·
1057 1877 1132 1955 φησὶ
1156 1874 1190 1938 δέ
1212 1875 1279 1957 περὶ
1302 1876 1397 1938 αὐτοῦ
1421 1875 1569 1954 Αἰσχύλος

343 1990 388 2052 ὅτι
417 1989 467 2052 καλ
491 1989 524 2051 τὸ
547 1990 635 2068 ξίφος
658 1988 820 2070 ἐκάμπτετο
845 1989 966 2069 οδδαμῆ
990 1989 1164 2063 ἐνδιδόντος
1186 1999 1239 2052 τοῦ
1262 1990 1372 2071 χρωτὸς
1395 1999 1431 2074 τῇ
1453 1999 1571 2073 σφαγῇ,

341 2104 429 2178 τόξον
457 2103 497 2177 ὥς
527 2127 571 2176 τις
603 2101 743 2164 ἐντείνων
774 2102 847 2183 πρὶν
878 2104 917 2181 δή
948 2127 1005 2184 τις,
1033 2104 1126 2182 φησί,
1153 2113 1294 2183 παροῦσα
1318 2103 1435 2182 δαίμων
1456 2101 1566 2175 ἔδειξεν

334 2217 424 2301 ἀὐτῷ
444 2216 534 2287 »κατὰ
569 2223 659 2279 ποῖον
694 2215 784 2297 μέρος
819 2218 869 2279 δεῖ
894 2219 1068 2297 χρήσασθαι
1097 2228 1133 2302 τῇ
1161 2228 1274 2302 σφαγῇ·
1304 2215 1321 2280 δ
1348 2215 1381 2279 δὲ
1403 2220 1566 2294 Σοφοκλῆς

342 2329 499 2411 ἐριθεῦσαι
530 2329 585 2408 μέν
617 2354 644 2390 τι
674 2327 715 2402 ὡς
746 2327 938 2416 πρεσβυτέρῳ
970 2329 1011 2409 μὴ
1042 2329 1221 2410 βουληθεὶς,
1243 2329 1280 2392 οδ
1305 2329 1366 2409 μὴν
1388 2334 1568 2410 παραλιπεῖν

341 2444 415 2506 αὐτὸ
439 2444 607 2562 δοκιμάζων
630 2449 727 2520 ψιλῶς
750 2461 842 2523 φησιῐ

631 2555 764 2636 πλευράν
788 2555 1000 2636 ἀναρρήξαντα
1023 2559 1098 2641 τῷδε
1121 2558 1266 2644 φασγάνῳ

341 2671 416 2732 κατὰ
440 2672 469 2732 τί
490 2671 544 2749 τὴν
568 2670 702 2748 πλευρὰν
727 2669 767 2748 μὴ
792 2671 908 2732 εἰπάν”
932 2674 984 2744 (cf.
1009 2673 1049 2734 fr.
1075 2673 1117 2734 83
1141 2673 1261 2733 Aesch.
1285 2671 1435 2742 Weckl.).

387 2786 573 2846 Scholiasta
595 2786 695 2860 igitur
719 2819 758 2827 -
785 2787 888 2848 habes
913 2787 965 2847 hic
983 2790 1021 2847 ut
1040 2788 1073 2847 in
1092 2786 1229 2847 scholiis
1248 2786 1430 2847 Pindaricis
1442 2787 1567 2862 sapien·

341 2899 424 2959 tiam
448 2898 581 2972 Didymi
605 2931 661 2974 -—‚
688 2899 741 2958 cui
762 2898 874 2959 fabula
898 2900 938 2960 de
961 2900 1073 2962 Aiacis
1094 2896 1224 2980 ἀτρασίφ
1245 2901 1325 2959 nota
1345 2901 1432 2976 erat,
1451 2899 1565 2960 sedulo

340 3012 521 3086 quaesivit,
541 3026 622 3072 num
642 3012 728 3087 apud
747 3012 943 3088 Sophoclem
965 3027 1093 3087 quoque
1104 3013 1294 3074 huiusmodi
1307 3013 1428 3086 aliquid
1440 3014 1566 3074 inveni-

341 3127 442 3186 retur.
474 3125 537 3200 Spe
569 3141 649 3186 vero
677 3126 902 3200 deceptus—
926 3142 1005 3187 nam
1028 3127 1116 3187 Aiax
1140 3126 1341 3202 Sophocleus
1364 3126 1468 3188 latere
1492 3128 1569 3188 hau·

340 3238 453 3299 riendo
488 3241 631 3299 mortem
666 3239 730 3298 sibi
764 3240 941 3315 conscivit,
977 3240 1065 3300 sicut
1094 3239 1204 3312 quivis
1235 3239 1428 3299 mortalium
1457 3240 1566 3301 {acere

340 3354 451 3426 potest
487 3387 526 3396 -
564 3353 740 3428 Aeschylei
776 3354 887 3415 herois
918 3354 1001 3414 bene
1030 3369 1169 3430 memor,
1201 3355 1346 3427 quinon
1368 3353 1434 3413 nisi
1456 3353 1568 3413 divina

340 3479 439 3540 opera
479 3467 612 3526 adiutus
654 3466 762 3527 locum
806 3469 952 3542 corporis
987 3467 1179 3528 vulneribus
1212 3469 1384 3543 patentem
1419 3465 1567 3526 invenire

339 3579 518 3656 potuisset,
552 3579 723 3656 Sophoclis
754 3581 926 3641 silentium
950 3591 1008 3656 pro
1032 3580 1207 3641 reticentia
1229 3580 1356 3640 babens
1379 3579 1570 3655 suspicatus

339 3697 391 3754 est
421 3695 509 3754 hunc
532 3696 663 3768 poetam
692 3695 893 3755 verecundia
917 3698 1048 3760 motum
1075 3696 1177 3756 tacite
1200 3693 1358 3768 Aeschyli
1378 3693 1565 3769 opinionem

339 3807 534 3869 correxisse.
563 3808 625 3870 Sed
650 3808 763 3870 missis
787 3809 878 3868 hisce
901 3808 1161 3868 scholiastarum
1184 3807 1459 3868 hariolationibus
1482 3806 1568 3882 grati

337 3921 520 3996 accipimus
562 3921 719 3995 Aeschyli
759 3922 988 3996 fragmentum
1031 3921 1163 3981 aliunde
1204 3921 1369 3996 ignotum.
1407 3921 1566 3980 Videmus

336 4034 425 4095 enim
453 4036 585 4108 poetam
608 4034 709 4095 talem
734 4039 889 4096 secutum
912 4048 987 4095 esse
1010 4035 1118 4108 mythi
1141 4034 1299 4110 formam,
1324 4035 1455 4107 qualem
1480 4033 1565 4108 apud

335 4147 576 4214 Philostratum
601 4147 837 4224 indicavimus,
860 4149 918 4208 sed
938 4149 1032 4209 cuius
1050 4149 1175 4208 fontem
1195 4148 1393 4221 Panyassim
1413 4148 1447 4207 in
1466 4147 1565 4236 Hera·

336 4260 408 4322 elea
430 4260 533 4321 fuisse
556 4263 622 4321 no'n
646 4261 705 4322 ebs
728 4261 819 4322 omni
842 4261 1075 4336 probabilitate
1098 4261 1312 4322 coniecimus.
1332 4260 1422 4335 Quae
1442 4261 1564 4321 coniec-

336 4377 412 4435 tura
435 4375 596 4450 temporis
618 4376 746 4436 ratione
770 4376 1010 4451 corroboratur,
1033 4376 1188 4450 quoniam
1209 4375 1390 4449 Panyassis
1408 4373 1566 4447 Aeschyli

335 4488 399 4549 luit
422 4488 578 4562 aequalis.
603 4488 698 4551 Unde
717 4489 860 4564 petitum
879 4491 926 4550 sit
945 4489 1186 4564 fragmentum,
1208 4503 1326 4563 nempe
1346 4504 1364 4548 e
1383 4487 1563 4563 Threissis,

336 4602 429 4676 patet
459 4616 476 4661 e
504 4602 630 4664 scholio
655 4602 696 4662 ad
718 4603 879 4677 Lycophr.
904 4602 999 4664 Alex.
1025 4618 1072 4663 vs.
1097 4604 1177 4678 455,
1202 4602 1287 4676 quod
1311 4617 1392 4662 mox
1415 4600 1563 4675 inspicis·

337 4731 423 4778 mus.
448 4717 636 4810 Restituere
661 4717 797 4776 conatus
821 4719 873 4776 est
891 4715 1062 4778 Wecklein
1083 4717 1132 4786 (ir.
1153 4716 1221 4791 83),
1236 4715 1417 4789 quitamen
1430 4714 1563 4775 illorum
