<?xml version="1.0" encoding="UTF-8"?>
<!DOCTYPE html PUBLIC "-//W3C//DTD XHTML 1.0 Transitional//EN"
    "http://www.w3.org/TR/xhtml1/DTD/xhtml1-transitional.dtd">
<html xmlns="http://www.w3.org/1999/xhtml" xml:lang="en" lang="en">
 <head>
  <title>
</title>
<meta http-equiv="Content-Type" content="text/html;charset=utf-8" />
  <meta name='ocr-system' content='tesseract 3.04.00' />
  <meta name='ocr-capabilities' content='ocr_page ocr_carea ocr_par ocr_line ocrx_word'/>
</head>
<body>
  <div class='ocr_page' id='page_1' title='image "./deajacisorigine00vgoog_0065.png"; bbox 0 0 3525 5692; ppageno 0'>
   <div class='ocr_carea' id='block_1_1' title="bbox 686 733 1388 792">
    <p class='ocr_par' dir='ltr' id='par_1_1' title="bbox 686 733 1388 792">
     <span class='ocr_line' id='line_1_1' title="bbox 686 733 1388 792; baseline 0.003 -2"><span class='ocrx_word' id='word_1_1' title='bbox 686 745 727 790; x_wconf 85' lang='lat' dir='ltr'><strong>nn</strong></span> <span class='ocrx_word' id='word_1_2' title='bbox 750 743 861 790; x_wconf 73' lang='lat' dir='ltr'><strong>araca.</strong></span> <span class='ocrx_word' id='word_1_3' title='bbox 1345 733 1388 792; x_wconf 80' lang='lat'><strong>58</strong></span> 
     </span>
    </p>
   </div>
   <div class='ocr_carea' id='block_1_2' title="bbox 153 909 1506 3937">
    <p class='ocr_par' dir='ltr' id='par_1_2' title="bbox 153 909 1506 3937">
     <span class='ocr_line' id='line_1_2' title="bbox 157 909 1391 997; baseline -0.003 -19"><span class='ocrx_word' id='word_1_4' title='bbox 157 915 436 994; x_wconf 81' lang='lat' dir='ltr'><strong>patronymicum.</strong></span> <span class='ocrx_word' id='word_1_5' title='bbox 450 915 524 997; x_wconf 40' lang='lat' dir='ltr'><strong>‚Qui</strong></span> <span class='ocrx_word' id='word_1_6' title='bbox 549 915 689 976; x_wconf 79' lang='lat' dir='ltr'><strong>canebat</strong></span> <span class='ocrx_word' id='word_1_7' title='bbox 711 913 765 975; x_wconf 82' lang='grc' dir='ltr'><strong>τὸν</strong></span> <span class='ocrx_word' id='word_1_8' title='bbox 785 909 949 993; x_wconf 54' lang='lat' dir='ltr'><strong>&#39;osiridem</strong></span> <span class='ocrx_word' id='word_1_9' title='bbox 972 917 1070 978; x_wconf 86' lang='lat' dir='ltr'><strong>silere</strong></span> <span class='ocrx_word' id='word_1_10' title='bbox 1094 931 1160 977; x_wconf 90' lang='lat' dir='ltr'><strong>non</strong></span> <span class='ocrx_word' id='word_1_11' title='bbox 1184 918 1315 992; x_wconf 88' lang='lat' dir='ltr'><strong>poterat</strong></span> <span class='ocrx_word' id='word_1_12' title='bbox 1338 913 1391 974; x_wconf 77' lang='lat' dir='ltr'><strong>riv</strong></span> 
     </span>
     <span class='ocr_line' id='line_1_3' title="bbox 161 1029 1392 1107; baseline 0.001 -18"><span class='ocrx_word' id='word_1_13' title='bbox 161 1029 363 1107; x_wconf 80' lang='grc' dir='ltr'><strong><em>Τελαμώνιον.</em></strong></span> <span class='ocrx_word' id='word_1_14' title='bbox 387 1029 467 1089; x_wconf 92' lang='lat' dir='ltr'><strong>Inde</strong></span> <span class='ocrx_word' id='word_1_15' title='bbox 490 1044 510 1087; x_wconf 93' lang='lat' dir='ltr'><strong>a</strong></span> <span class='ocrx_word' id='word_1_16' title='bbox 533 1031 682 1104; x_wconf 91' lang='lat' dir='ltr'><strong>tempore</strong></span> <span class='ocrx_word' id='word_1_17' title='bbox 713 1044 777 1103; x_wconf 91' lang='lat' dir='ltr'><strong>quo</strong></span> <span class='ocrx_word' id='word_1_18' title='bbox 809 1032 948 1103; x_wconf 86' lang='lat' dir='ltr'><strong>uterque</strong></span> <span class='ocrx_word' id='word_1_19' title='bbox 979 1032 1065 1092; x_wconf 83' lang='lat' dir='ltr'><strong>Aiax</strong></span> <span class='ocrx_word' id='word_1_20' title='bbox 1094 1033 1127 1092; x_wconf 87' lang='lat' dir='ltr'><strong>in</strong></span> <span class='ocrx_word' id='word_1_21' title='bbox 1156 1031 1258 1092; x_wconf 84' lang='lat' dir='ltr'>Iliade</span> <span class='ocrx_word' id='word_1_22' title='bbox 1280 1033 1392 1106; x_wconf 90' lang='lat' dir='ltr'><strong>partes</strong></span> 
     </span>
     <span class='ocr_line' id='line_1_4' title="bbox 157 1143 1390 1221; baseline -0.001 -16"><span class='ocrx_word' id='word_1_23' title='bbox 157 1145 226 1220; x_wconf 88' lang='lat' dir='ltr'><strong>egit</strong></span> <span class='ocrx_word' id='word_1_24' title='bbox 248 1158 342 1220; x_wconf 90' lang='lat' dir='ltr'><strong>suas,</strong></span> <span class='ocrx_word' id='word_1_25' title='bbox 367 1144 420 1204; x_wconf 87' lang='lat' dir='ltr'><strong>vel</strong></span> <span class='ocrx_word' id='word_1_26' title='bbox 451 1143 576 1219; x_wconf 86' lang='lat' dir='ltr'><strong>potius,</strong></span> <span class='ocrx_word' id='word_1_27' title='bbox 610 1158 674 1217; x_wconf 85' lang='lat' dir='ltr'><strong>quo</strong></span> <span class='ocrx_word' id='word_1_28' title='bbox 706 1144 844 1218; x_wconf 88' lang='lat' dir='ltr'><strong>uterque</strong></span> <span class='ocrx_word' id='word_1_29' title='bbox 874 1145 909 1204; x_wconf 91' lang='lat' dir='ltr'><strong>in</strong></span> <span class='ocrx_word' id='word_1_30' title='bbox 940 1160 1096 1206; x_wconf 77' lang='lat' dir='ltr'><strong>scaenam</strong></span> <span class='ocrx_word' id='word_1_31' title='bbox 1127 1145 1301 1221; x_wconf 80' lang='lat' dir='ltr'><strong>processit,</strong></span> <span class='ocrx_word' id='word_1_32' title='bbox 1325 1158 1390 1205; x_wconf 91' lang='lat' dir='ltr'><strong>non</strong></span> 
     </span>
     <span class='ocr_line' id='line_1_5' title="bbox 156 1256 1391 1333; baseline -0.003 -13"><span class='ocrx_word' id='word_1_33' title='bbox 156 1261 310 1333; x_wconf 83' lang='lat' dir='ltr'><strong>poterant</strong></span> <span class='ocrx_word' id='word_1_34' title='bbox 340 1257 511 1332; x_wconf 90' lang='lat' dir='ltr'><strong>rhapsodi,</strong></span> <span class='ocrx_word' id='word_1_35' title='bbox 545 1256 623 1330; x_wconf 88' lang='lat' dir='ltr'><strong>quin</strong></span> <span class='ocrx_word' id='word_1_36' title='bbox 654 1257 886 1332; x_wconf 86' lang='lat' dir='ltr'><strong>patronymico</strong></span> <span class='ocrx_word' id='word_1_37' title='bbox 918 1259 1030 1320; x_wconf 89' lang='lat' dir='ltr'><strong>addito</strong></span> <span class='ocrx_word' id='word_1_38' title='bbox 1063 1259 1228 1320; x_wconf 86' lang='lat' dir='ltr'><strong>auditores</strong></span> <span class='ocrx_word' id='word_1_39' title='bbox 1252 1258 1290 1318; x_wconf 89' lang='lat' dir='ltr'><strong>de</strong></span> <span class='ocrx_word' id='word_1_40' title='bbox 1314 1270 1391 1329; x_wconf 89' lang='lat' dir='ltr'><strong>quo·</strong></span> 
     </span>
     <span class='ocr_line' id='line_1_6' title="bbox 156 1369 1392 1448; baseline -0.002 -18"><span class='ocrx_word' id='word_1_41' title='bbox 156 1385 236 1432; x_wconf 89' lang='lat' dir='ltr'><strong>nam</strong></span> <span class='ocrx_word' id='word_1_42' title='bbox 259 1369 361 1432; x_wconf 81' lang='lat' dir='ltr'><strong>Aiace</strong></span> <span class='ocrx_word' id='word_1_43' title='bbox 384 1372 521 1444; x_wconf 82' lang='lat' dir='ltr'><strong>agerent</strong></span> <span class='ocrx_word' id='word_1_44' title='bbox 551 1369 727 1430; x_wconf 86' lang='lat' dir='ltr'><strong>redderent</strong></span> <span class='ocrx_word' id='word_1_45' title='bbox 751 1370 919 1431; x_wconf 89' lang='lat' dir='ltr'><strong>certiores.</strong></span> <span class='ocrx_word' id='word_1_46' title='bbox 952 1371 1040 1447; x_wconf 76' lang='lat' dir='ltr'><strong>Quae</strong></span> <span class='ocrx_word' id='word_1_47' title='bbox 1063 1387 1142 1433; x_wconf 89' lang='lat' dir='ltr'><strong>vero</strong></span> <span class='ocrx_word' id='word_1_48' title='bbox 1164 1369 1392 1448; x_wconf 89' lang='lat' dir='ltr'><strong>patronymica</strong></span> 
     </span>
     <span class='ocr_line' id='line_1_7' title="bbox 153 1482 1390 1570; baseline -0.004 -24"><span class='ocrx_word' id='word_1_49' title='bbox 153 1500 227 1546; x_wconf 87' lang='lat' dir='ltr'><strong>esse</strong></span> <span class='ocrx_word' id='word_1_50' title='bbox 248 1483 452 1558; x_wconf 88' lang='lat' dir='ltr'><strong>videbantur,</strong></span> <span class='ocrx_word' id='word_1_51' title='bbox 468 1482 508 1542; x_wconf 91' lang='lat' dir='ltr'><strong>ab</strong></span> <span class='ocrx_word' id='word_1_52' title='bbox 529 1484 656 1558; x_wconf 84' lang='lat' dir='ltr'><strong>origine</strong></span> <span class='ocrx_word' id='word_1_53' title='bbox 673 1485 809 1570; x_wconf 87' lang='lat' dir='ltr'><strong>nomina</strong></span> <span class='ocrx_word' id='word_1_54' title='bbox 828 1488 925 1546; x_wconf 91' lang='lat' dir='ltr'><strong>erant</strong></span> <span class='ocrx_word' id='word_1_55' title='bbox 944 1486 1045 1547; x_wconf 90' lang='lat' dir='ltr'><strong>ducta</strong></span> <span class='ocrx_word' id='word_1_56' title='bbox 1063 1483 1124 1547; x_wconf 79' lang='grc' dir='ltr'><strong>ἀπὸ</strong></span> <span class='ocrx_word' id='word_1_57' title='bbox 1136 1494 1196 1546; x_wconf 72' lang='grc' dir='ltr'><strong>τῶν</strong></span> <span class='ocrx_word' id='word_1_58' title='bbox 1208 1482 1390 1561; x_wconf 61' lang='lat' dir='ltr'><strong>inaniterne</strong></span> 
     </span>
     <span class='ocr_line' id='line_1_8' title="bbox 153 1594 1388 1674; baseline -0.002 -15"><span class='ocrx_word' id='word_1_59' title='bbox 153 1612 268 1659; x_wconf 91' lang='lat' dir='ltr'><strong>eorum</strong></span> <span class='ocrx_word' id='word_1_60' title='bbox 292 1597 481 1672; x_wconf 81' lang='lat' dir='ltr'><strong>numinum,</strong></span> <span class='ocrx_word' id='word_1_61' title='bbox 505 1594 566 1657; x_wconf 91' lang='lat' dir='ltr'><strong>sub</strong></span> <span class='ocrx_word' id='word_1_62' title='bbox 587 1611 730 1670; x_wconf 88' lang='lat' dir='ltr'><strong>quorum</strong></span> <span class='ocrx_word' id='word_1_63' title='bbox 743 1597 851 1660; x_wconf 90' lang='lat' dir='ltr'><strong>tutela</strong></span> <span class='ocrx_word' id='word_1_64' title='bbox 862 1602 1002 1672; x_wconf 90' lang='lat' dir='ltr'><strong>uterque</strong></span> <span class='ocrx_word' id='word_1_65' title='bbox 1019 1600 1117 1661; x_wconf 89' lang='lat' dir='ltr'><strong>heros</strong></span> <span class='ocrx_word' id='word_1_66' title='bbox 1131 1599 1240 1661; x_wconf 88' lang='lat' dir='ltr'><strong>iuerat</strong></span> <span class='ocrx_word' id='word_1_67' title='bbox 1251 1598 1388 1674; x_wconf 86' lang='lat' dir='ltr'><strong>positus.</strong></span> 
     </span>
     <span class='ocr_line' id='line_1_9' title="bbox 155 1704 1388 1785; baseline 0.001 -15"><span class='ocrx_word' id='word_1_68' title='bbox 155 1711 241 1770; x_wconf 88' lang='lat' dir='ltr'><strong>Nam</strong></span> <span class='ocrx_word' id='word_1_69' title='bbox 271 1725 376 1784; x_wconf 88' lang='lat' dir='ltr'><strong>neque</strong></span> <span class='ocrx_word' id='word_1_70' title='bbox 404 1704 518 1781; x_wconf 79' lang='grc' dir='ltr'><strong><em>Ὀιλεύς</em></strong></span> <span class='ocrx_word' id='word_1_71' title='bbox 550 1724 655 1783; x_wconf 87' lang='lat' dir='ltr'><strong>neque</strong></span> <span class='ocrx_word' id='word_1_72' title='bbox 689 1709 832 1785; x_wconf 84' lang='grc' dir='ltr'><strong><em>Τελαμών</em></strong></span> <span class='ocrx_word' id='word_1_73' title='bbox 862 1727 956 1773; x_wconf 91' lang='lat' dir='ltr'><strong>mera</strong></span> <span class='ocrx_word' id='word_1_74' title='bbox 986 1713 1118 1774; x_wconf 86' lang='lat' dir='ltr'><strong>heroica</strong></span> <span class='ocrx_word' id='word_1_75' title='bbox 1142 1715 1221 1773; x_wconf 90' lang='lat' dir='ltr'><strong>sunt</strong></span> <span class='ocrx_word' id='word_1_76' title='bbox 1243 1712 1388 1773; x_wconf 89' lang='lat' dir='ltr'><strong>nomina.</strong></span> 
     </span>
     <span class='ocr_line' id='line_1_10' title="bbox 153 1821 1391 1904; baseline 0 -20"><span class='ocrx_word' id='word_1_77' title='bbox 153 1825 231 1899; x_wconf 82' lang='lat' dir='ltr'><strong>Ipsa</strong></span> <span class='ocrx_word' id='word_1_78' title='bbox 264 1823 373 1884; x_wconf 85' lang='lat' dir='ltr'><strong>forma</strong></span> <span class='ocrx_word' id='word_1_79' title='bbox 411 1821 602 1900; x_wconf 77' lang='grc' dir='ltr'><strong><em>Τελαμώνιος</em></strong></span> <span class='ocrx_word' id='word_1_80' title='bbox 634 1823 685 1893; x_wconf 81' lang='lat' dir='ltr'><strong>(cf.</strong></span> <span class='ocrx_word' id='word_1_81' title='bbox 711 1823 923 1900; x_wconf 77' lang='grc' dir='ltr'><strong><em>Ἀπολλώνιος,</em></strong></span> <span class='ocrx_word' id='word_1_82' title='bbox 955 1825 1175 1901; x_wconf 84' lang='grc' dir='ltr'><strong><em>Ποσειδώνιος,</em></strong></span> <span class='ocrx_word' id='word_1_83' title='bbox 1201 1825 1391 1904; x_wconf 74' lang='grc' dir='ltr'><strong><em>Τροφώνιος,</em></strong></span> 
     </span>
     <span class='ocr_line' id='line_1_11' title="bbox 154 1934 1389 2015; baseline 0.002 -20"><span class='ocrx_word' id='word_1_84' title='bbox 154 1934 359 2007; x_wconf 80' lang='grc' dir='ltr'><strong><em>Πλοννώνιος)</em></strong></span> <span class='ocrx_word' id='word_1_85' title='bbox 384 1951 404 1996; x_wconf 93' lang='lat' dir='ltr'><strong>a</strong></span> <span class='ocrx_word' id='word_1_86' title='bbox 427 1935 526 1997; x_wconf 88' lang='lat' dir='ltr'><strong>solita</strong></span> <span class='ocrx_word' id='word_1_87' title='bbox 556 1937 865 2011; x_wconf 84' lang='lat' dir='ltr'><strong>patronymicorum</strong></span> <span class='ocrx_word' id='word_1_88' title='bbox 889 1939 1090 2001; x_wconf 82' lang='lat' dir='ltr'><strong>formatione</strong></span> <span class='ocrx_word' id='word_1_89' title='bbox 1113 1941 1304 2015; x_wconf 83' lang='lat' dir='ltr'><strong>discrepans</strong></span> <span class='ocrx_word' id='word_1_90' title='bbox 1325 1941 1389 2000; x_wconf 89' lang='lat' dir='ltr'><strong>tes-</strong></span> 
     </span>
     <span class='ocr_line' id='line_1_12' title="bbox 155 2050 1390 2128; baseline 0 -16"><span class='ocrx_word' id='word_1_91' title='bbox 155 2053 247 2112; x_wconf 88' lang='lat' dir='ltr'><strong>tatur</strong></span> <span class='ocrx_word' id='word_1_92' title='bbox 280 2051 334 2111; x_wconf 95' lang='lat' dir='ltr'><strong>hic</strong></span> <span class='ocrx_word' id='word_1_93' title='bbox 369 2051 422 2126; x_wconf 91' lang='lat' dir='ltr'><strong>agi</strong></span> <span class='ocrx_word' id='word_1_94' title='bbox 457 2050 497 2112; x_wconf 90' lang='lat' dir='ltr'><strong>de</strong></span> <span class='ocrx_word' id='word_1_95' title='bbox 532 2050 654 2125; x_wconf 89' lang='lat' dir='ltr'><strong>aliquo,</strong></span> <span class='ocrx_word' id='word_1_96' title='bbox 688 2051 744 2124; x_wconf 86' lang='lat' dir='ltr'><strong>qui</strong></span> <span class='ocrx_word' id='word_1_97' title='bbox 775 2051 927 2112; x_wconf 90' lang='lat' dir='ltr'><strong>numinis</strong></span> <span class='ocrx_word' id='word_1_98' title='bbox 957 2053 1128 2115; x_wconf 86' lang='lat' dir='ltr'><strong>cuiusdam</strong></span> <span class='ocrx_word' id='word_1_99' title='bbox 1160 2055 1321 2128; x_wconf 88' lang='lat' dir='ltr'><strong>praesidio</strong></span> <span class='ocrx_word' id='word_1_100' title='bbox 1333 2053 1390 2112; x_wconf 82' lang='lat' dir='ltr'><strong>sit</strong></span> 
     </span>
     <span class='ocr_line' id='line_1_13' title="bbox 157 2163 1390 2243; baseline 0 -19"><span class='ocrx_word' id='word_1_101' title='bbox 157 2163 421 2226; x_wconf 88' lang='lat' dir='ltr'><strong>commendatus.</strong></span> <span class='ocrx_word' id='word_1_102' title='bbox 448 2163 537 2223; x_wconf 77' lang='lat' dir='ltr'><strong>Satis</strong></span> <span class='ocrx_word' id='word_1_103' title='bbox 560 2163 605 2223; x_wconf 88' lang='lat' dir='ltr'><strong>sit</strong></span> <span class='ocrx_word' id='word_1_104' title='bbox 628 2178 686 2239; x_wconf 95' lang='lat' dir='ltr'><strong>pro</strong></span> <span class='ocrx_word' id='word_1_105' title='bbox 713 2165 884 2226; x_wconf 87' lang='lat' dir='ltr'><strong>sententia</strong></span> <span class='ocrx_word' id='word_1_106' title='bbox 902 2168 1018 2226; x_wconf 88' lang='lat' dir='ltr'><strong>nostra</strong></span> <span class='ocrx_word' id='word_1_107' title='bbox 1036 2166 1214 2243; x_wconf 87' lang='lat' dir='ltr'><strong>statuisse,</strong></span> <span class='ocrx_word' id='word_1_108' title='bbox 1238 2181 1313 2226; x_wconf 91' lang='lat' dir='ltr'><strong>eum</strong></span> <span class='ocrx_word' id='word_1_109' title='bbox 1334 2167 1390 2240; x_wconf 91' lang='lat' dir='ltr'><strong>qui</strong></span> 
     </span>
     <span class='ocr_line' id='line_1_14' title="bbox 156 2253 1392 2354; baseline 0.002 -18"><span class='ocrx_word' id='word_1_110' title='bbox 156 2253 375 2348; x_wconf 48' lang='lat' dir='ltr'><strong>diceret&#39;Aicg</strong></span> <span class='ocrx_word' id='word_1_111' title='bbox 391 2274 596 2352; x_wconf 75' lang='grc' dir='ltr'><strong><em>Τελαμώνιος,</em></strong></span> <span class='ocrx_word' id='word_1_112' title='bbox 613 2274 689 2346; x_wconf 77' lang='grc' dir='ltr'><strong><em>Αἴας</em></strong></span> <span class='ocrx_word' id='word_1_113' title='bbox 705 2270 837 2352; x_wconf 79' lang='grc' dir='ltr'><strong><em>Ὀιλέως,</em></strong></span> <span class='ocrx_word' id='word_1_114' title='bbox 857 2278 897 2337; x_wconf 92' lang='lat' dir='ltr'><strong>ab</strong></span> <span class='ocrx_word' id='word_1_115' title='bbox 928 2279 1135 2340; x_wconf 89' lang='lat' dir='ltr'><strong>auditoribus</strong></span> <span class='ocrx_word' id='word_1_116' title='bbox 1147 2279 1392 2354; x_wconf 88' lang='lat' dir='ltr'><strong>antiquissimis</strong></span> 
     </span>
     <span class='ocr_line' id='line_1_15' title="bbox 157 2388 1443 2466; baseline 0 -16"><span class='ocrx_word' id='word_1_117' title='bbox 157 2390 328 2464; x_wconf 89' lang='lat' dir='ltr'><strong>regionem</strong></span> <span class='ocrx_word' id='word_1_118' title='bbox 351 2389 542 2449; x_wconf 80' lang='lat' dir='ltr'><strong>Saronicam</strong></span> <span class='ocrx_word' id='word_1_119' title='bbox 568 2388 620 2449; x_wconf 88' lang='lat' dir='ltr'><strong>vei</strong></span> <span class='ocrx_word' id='word_1_120' title='bbox 644 2389 816 2451; x_wconf 89' lang='lat' dir='ltr'><strong>Locridem</strong></span> <span class='ocrx_word' id='word_1_121' title='bbox 837 2391 1064 2453; x_wconf 88' lang='lat' dir='ltr'><strong>habitantibus</strong></span> <span class='ocrx_word' id='word_1_122' title='bbox 1083 2408 1149 2453; x_wconf 92' lang='lat' dir='ltr'><strong>non</strong></span> <span class='ocrx_word' id='word_1_123' title='bbox 1168 2392 1310 2466; x_wconf 83' lang='lat' dir='ltr'><strong>intelligi</strong></span> <span class='ocrx_word' id='word_1_124' title='bbox 1326 2406 1391 2452; x_wconf 90' lang='lat' dir='ltr'><strong>non</strong></span> <span class='ocrx_word' id='word_1_125' title='bbox 1420 2418 1443 2450; x_wconf 74' lang='grc' dir='ltr'><strong><em>ν</em></strong></span> 
     </span>
     <span class='ocr_line' id='line_1_16' title="bbox 158 2502 1388 2581; baseline 0.002 -18"><span class='ocrx_word' id='word_1_126' title='bbox 158 2503 318 2580; x_wconf 88' lang='lat' dir='ltr'><strong>potuisse,</strong></span> <span class='ocrx_word' id='word_1_127' title='bbox 355 2502 490 2563; x_wconf 89' lang='lat' dir='ltr'><strong>etiamsi</strong></span> <span class='ocrx_word' id='word_1_128' title='bbox 525 2502 565 2562; x_wconf 93' lang='lat' dir='ltr'><strong>de</strong></span> <span class='ocrx_word' id='word_1_129' title='bbox 601 2502 793 2580; x_wconf 82' lang='lat' dir='ltr'><strong>Telamone,</strong></span> <span class='ocrx_word' id='word_1_130' title='bbox 836 2505 876 2566; x_wconf 90' lang='lat' dir='ltr'><strong>de</strong></span> <span class='ocrx_word' id='word_1_131' title='bbox 919 2505 1009 2566; x_wconf 92' lang='lat' dir='ltr'><strong>Oiieo</strong></span> <span class='ocrx_word' id='word_1_132' title='bbox 1051 2506 1134 2581; x_wconf 90' lang='lat' dir='ltr'><strong>ipsis</strong></span> <span class='ocrx_word' id='word_1_133' title='bbox 1167 2506 1214 2566; x_wconf 92' lang='lat' dir='ltr'><strong>nil</strong></span> <span class='ocrx_word' id='word_1_134' title='bbox 1244 2505 1388 2566; x_wconf 88' lang='lat' dir='ltr'><strong>adderet.</strong></span> 
     </span>
     <span class='ocr_line' id='line_1_17' title="bbox 158 2615 1389 2693; baseline 0.002 -18"><span class='ocrx_word' id='word_1_135' title='bbox 158 2615 343 2676; x_wconf 83' lang='lat' dir='ltr'><strong>Posteriora</strong></span> <span class='ocrx_word' id='word_1_136' title='bbox 368 2631 446 2677; x_wconf 86' lang='lat' dir='ltr'><strong>vero</strong></span> <span class='ocrx_word' id='word_1_137' title='bbox 470 2617 596 2691; x_wconf 90' lang='lat' dir='ltr'><strong>aetate,</strong></span> <span class='ocrx_word' id='word_1_138' title='bbox 623 2630 697 2676; x_wconf 90' lang='lat' dir='ltr'><strong>cum</strong></span> <span class='ocrx_word' id='word_1_139' title='bbox 722 2615 805 2677; x_wconf 91' lang='lat' dir='ltr'><strong>haec</strong></span> <span class='ocrx_word' id='word_1_140' title='bbox 827 2617 1030 2692; x_wconf 88' lang='lat' dir='ltr'><strong>appellativa</strong></span> <span class='ocrx_word' id='word_1_141' title='bbox 1049 2633 1107 2692; x_wconf 92' lang='lat' dir='ltr'><strong>pro</strong></span> <span class='ocrx_word' id='word_1_142' title='bbox 1131 2620 1218 2678; x_wconf 90' lang='lat' dir='ltr'><strong>veris</strong></span> <span class='ocrx_word' id='word_1_143' title='bbox 1237 2620 1389 2693; x_wconf 90' lang='lat' dir='ltr'><strong>patrony-</strong></span> 
     </span>
     <span class='ocr_line' id='line_1_18' title="bbox 157 2727 1390 2807; baseline -0.002 -16"><span class='ocrx_word' id='word_1_144' title='bbox 157 2729 255 2791; x_wconf 91' lang='lat' dir='ltr'><strong>micis</strong></span> <span class='ocrx_word' id='word_1_145' title='bbox 286 2728 503 2804; x_wconf 88' lang='lat' dir='ltr'><strong>habebantur,</strong></span> <span class='ocrx_word' id='word_1_146' title='bbox 535 2743 611 2789; x_wconf 91' lang='lat' dir='ltr'><strong>cum</strong></span> <span class='ocrx_word' id='word_1_147' title='bbox 643 2727 779 2790; x_wconf 82' lang='lat' dir='ltr'><strong>Telamo</strong></span> <span class='ocrx_word' id='word_1_148' title='bbox 803 2731 836 2790; x_wconf 91' lang='lat' dir='ltr'><strong>et</strong></span> <span class='ocrx_word' id='word_1_149' title='bbox 859 2730 972 2790; x_wconf 88' lang='lat' dir='ltr'><strong>Oileus</strong></span> <span class='ocrx_word' id='word_1_150' title='bbox 994 2731 1099 2791; x_wconf 80' lang='lat' dir='ltr'><strong>beroea</strong></span> <span class='ocrx_word' id='word_1_151' title='bbox 1123 2731 1331 2807; x_wconf 89' lang='lat' dir='ltr'><strong>videbantur,</strong></span> <span class='ocrx_word' id='word_1_152' title='bbox 1356 2731 1390 2789; x_wconf 92' lang='lat' dir='ltr'><strong>hi</strong></span> 
     </span>
     <span class='ocr_line' id='line_1_19' title="bbox 155 2841 1387 2919; baseline 0.002 -16"><span class='ocrx_word' id='word_1_153' title='bbox 155 2856 283 2917; x_wconf 88' lang='lat' dir='ltr'><strong>quoque</strong></span> <span class='ocrx_word' id='word_1_154' title='bbox 314 2841 347 2901; x_wconf 94' lang='lat' dir='ltr'><strong>in</strong></span> <span class='ocrx_word' id='word_1_155' title='bbox 371 2855 529 2902; x_wconf 86' lang='lat' dir='ltr'><strong>scaenam</strong></span> <span class='ocrx_word' id='word_1_156' title='bbox 552 2841 722 2902; x_wconf 86' lang='lat' dir='ltr'><strong>heroicam</strong></span> <span class='ocrx_word' id='word_1_157' title='bbox 747 2842 979 2918; x_wconf 89' lang='lat' dir='ltr'><strong>procedebant.</strong></span> <span class='ocrx_word' id='word_1_158' title='bbox 1011 2844 1073 2904; x_wconf 85' lang='lat' dir='ltr'><strong>Sed</strong></span> <span class='ocrx_word' id='word_1_159' title='bbox 1104 2843 1258 2919; x_wconf 84' lang='lat' dir='ltr'><strong>observa,</strong></span> <span class='ocrx_word' id='word_1_160' title='bbox 1289 2859 1387 2918; x_wconf 87' lang='lat' dir='ltr'><strong>quam</strong></span> 
     </span>
     <span class='ocr_line' id='line_1_20' title="bbox 155 2955 1389 3032; baseline 0.001 -15"><span class='ocrx_word' id='word_1_161' title='bbox 155 2957 276 3032; x_wconf 83' lang='lat' dir='ltr'><strong>exigua</strong></span> <span class='ocrx_word' id='word_1_162' title='bbox 298 2957 382 3032; x_wconf 90' lang='lat' dir='ltr'><strong>sint,</strong></span> <span class='ocrx_word' id='word_1_163' title='bbox 406 2970 489 3029; x_wconf 85' lang='lat' dir='ltr'><strong>quae</strong></span> <span class='ocrx_word' id='word_1_164' title='bbox 513 2956 630 3030; x_wconf 88' lang='lat' dir='ltr'><strong>poetae</strong></span> <span class='ocrx_word' id='word_1_165' title='bbox 654 2955 745 3016; x_wconf 89' lang='lat' dir='ltr'><strong>hisce</strong></span> <span class='ocrx_word' id='word_1_166' title='bbox 769 2956 808 3016; x_wconf 89' lang='lat' dir='ltr'><strong>de</strong></span> <span class='ocrx_word' id='word_1_167' title='bbox 826 2956 984 3018; x_wconf 89' lang='lat' dir='ltr'><strong>heroibus</strong></span> <span class='ocrx_word' id='word_1_168' title='bbox 1002 2972 1138 3018; x_wconf 89' lang='lat' dir='ltr'><strong>narrare</strong></span> <span class='ocrx_word' id='word_1_169' title='bbox 1157 2958 1311 3032; x_wconf 85' lang='lat' dir='ltr'><strong>possent:</strong></span> <span class='ocrx_word' id='word_1_170' title='bbox 1335 2972 1389 3018; x_wconf 87' lang='lat' dir='ltr'><strong>res</strong></span> 
     </span>
     <span class='ocr_line' id='line_1_21' title="bbox 156 3068 1390 3144; baseline 0.001 -14"><span class='ocrx_word' id='word_1_171' title='bbox 156 3072 270 3144; x_wconf 84' lang='lat' dir='ltr'><strong>gestae</strong></span> <span class='ocrx_word' id='word_1_172' title='bbox 305 3068 416 3129; x_wconf 90' lang='lat' dir='ltr'><strong>nullae</strong></span> <span class='ocrx_word' id='word_1_173' title='bbox 450 3068 518 3129; x_wconf 86' lang='lat' dir='ltr'><strong>iere</strong></span> <span class='ocrx_word' id='word_1_174' title='bbox 554 3071 796 3130; x_wconf 89' lang='lat' dir='ltr'><strong>memorantur.</strong></span> <span class='ocrx_word' id='word_1_175' title='bbox 828 3069 939 3130; x_wconf 90' lang='lat' dir='ltr'><strong>Poetis</strong></span> <span class='ocrx_word' id='word_1_176' title='bbox 974 3071 1167 3132; x_wconf 91' lang='lat' dir='ltr'><strong>recentioris</strong></span> <span class='ocrx_word' id='word_1_177' title='bbox 1198 3071 1323 3132; x_wconf 85' lang='lat' dir='ltr'><strong>saeculi</strong></span> <span class='ocrx_word' id='word_1_178' title='bbox 1353 3072 1390 3131; x_wconf 92' lang='lat' dir='ltr'><strong>ut</strong></span> 
     </span>
     <span class='ocr_line' id='line_1_22' title="bbox 156 3181 1384 3258; baseline 0.002 -16"><span class='ocrx_word' id='word_1_179' title='bbox 156 3182 297 3257; x_wconf 88' lang='lat' dir='ltr'><strong>patrem,</strong></span> <span class='ocrx_word' id='word_1_180' title='bbox 321 3183 478 3258; x_wconf 88' lang='lat' dir='ltr'><strong>matrem,</strong></span> <span class='ocrx_word' id='word_1_181' title='bbox 503 3181 660 3258; x_wconf 88' lang='lat' dir='ltr'><strong>patriam,</strong></span> <span class='ocrx_word' id='word_1_182' title='bbox 693 3182 794 3258; x_wconf 86' lang='lat' dir='ltr'><strong>iacta,</strong></span> <span class='ocrx_word' id='word_1_183' title='bbox 818 3183 1049 3258; x_wconf 80' lang='lat' dir='ltr'><strong>excogitarent</strong></span> <span class='ocrx_word' id='word_1_184' title='bbox 1071 3187 1143 3245; x_wconf 89' lang='lat' dir='ltr'><strong>erat</strong></span> <span class='ocrx_word' id='word_1_185' title='bbox 1165 3187 1384 3245; x_wconf 87' lang='lat' dir='ltr'><strong>reservatum.</strong></span> 
     </span>
     <span class='ocr_line' id='line_1_23' title="bbox 157 3293 1383 3369; baseline 0.002 -14"><span class='ocrx_word' id='word_1_186' title='bbox 157 3295 204 3356; x_wconf 87' lang='lat' dir='ltr'><strong>Ne</strong></span> <span class='ocrx_word' id='word_1_187' title='bbox 227 3295 261 3354; x_wconf 91' lang='lat' dir='ltr'><strong>in</strong></span> <span class='ocrx_word' id='word_1_188' title='bbox 281 3293 436 3369; x_wconf 82' lang='lat' dir='ltr'><strong>Gataiogo</strong></span> <span class='ocrx_word' id='word_1_189' title='bbox 456 3295 587 3368; x_wconf 89' lang='lat' dir='ltr'><strong>quidem</strong></span> <span class='ocrx_word' id='word_1_190' title='bbox 605 3295 740 3357; x_wconf 82' lang='lat' dir='ltr'><strong>Telamo</strong></span> <span class='ocrx_word' id='word_1_191' title='bbox 759 3295 869 3357; x_wconf 91' lang='lat' dir='ltr'><strong>locum</strong></span> <span class='ocrx_word' id='word_1_192' title='bbox 889 3296 1026 3359; x_wconf 88' lang='lat' dir='ltr'><strong>invenit.</strong></span> <span class='ocrx_word' id='word_1_193' title='bbox 1047 3298 1257 3358; x_wconf 88' lang='lat' dir='ltr'><strong>Adiectivum</strong></span> <span class='ocrx_word' id='word_1_194' title='bbox 1270 3300 1383 3359; x_wconf 90' lang='lat' dir='ltr'><strong>autern</strong></span> 
     </span>
     <span class='ocr_line' id='line_1_24' title="bbox 160 3408 1384 3487; baseline 0.004 -19"><span class='ocrx_word' id='word_1_195' title='bbox 160 3408 351 3485; x_wconf 75' lang='grc' dir='ltr'><strong><em>Τελαμώνιον</em></strong></span> <span class='ocrx_word' id='word_1_196' title='bbox 371 3423 412 3468; x_wconf 92' lang='lat' dir='ltr'><strong>ne</strong></span> <span class='ocrx_word' id='word_1_197' title='bbox 442 3423 459 3468; x_wconf 94' lang='lat' dir='ltr'><strong>e</strong></span> <span class='ocrx_word' id='word_1_198' title='bbox 491 3408 609 3484; x_wconf 91' lang='lat' dir='ltr'><strong>priscis</strong></span> <span class='ocrx_word' id='word_1_199' title='bbox 637 3410 771 3482; x_wconf 86' lang='lat' dir='ltr'><strong>quidem</strong></span> <span class='ocrx_word' id='word_1_200' title='bbox 795 3409 909 3470; x_wconf 90' lang='lat' dir='ltr'><strong>Iliadis</strong></span> <span class='ocrx_word' id='word_1_201' title='bbox 930 3411 1080 3486; x_wconf 88' lang='lat' dir='ltr'><strong>partibus</strong></span> <span class='ocrx_word' id='word_1_202' title='bbox 1103 3412 1244 3473; x_wconf 90' lang='lat' dir='ltr'><strong>evellere</strong></span> <span class='ocrx_word' id='word_1_203' title='bbox 1267 3413 1384 3487; x_wconf 87' lang='lat' dir='ltr'><strong>possis.</strong></span> 
     </span>
     <span class='ocr_line' id='line_1_25' title="bbox 159 3520 1387 3603; baseline 0.003 -22"><span class='ocrx_word' id='word_1_204' title='bbox 159 3524 289 3601; x_wconf 73' lang='grc' dir='ltr'><strong><em>Τεῦκρος</em></strong></span> <span class='ocrx_word' id='word_1_205' title='bbox 312 3536 441 3596; x_wconf 83' lang='lat' dir='ltr'><strong>quoque</strong></span> <span class='ocrx_word' id='word_1_206' title='bbox 467 3520 657 3599; x_wconf 76' lang='grc' dir='ltr'><strong><em>Τελαμώνιος</em></strong></span> <span class='ocrx_word' id='word_1_207' title='bbox 681 3523 789 3596; x_wconf 89' lang='lat' dir='ltr'><strong>audit;</strong></span> <span class='ocrx_word' id='word_1_208' title='bbox 817 3525 961 3603; x_wconf 75' lang='grc' dir='ltr'><strong><em>Τεῦκρος,</em></strong></span> <span class='ocrx_word' id='word_1_209' title='bbox 985 3523 1079 3585; x_wconf 90' lang='lat' dir='ltr'><strong>cuius</strong></span> <span class='ocrx_word' id='word_1_210' title='bbox 1099 3539 1219 3585; x_wconf 92' lang='lat' dir='ltr'><strong>nomen</strong></span> <span class='ocrx_word' id='word_1_211' title='bbox 1238 3527 1309 3585; x_wconf 86' lang='lat' dir='ltr'><strong>tarn</strong></span> <span class='ocrx_word' id='word_1_212' title='bbox 1328 3540 1387 3600; x_wconf 90' lang='lat' dir='ltr'><strong>per</strong></span> 
     </span>
     <span class='ocr_line' id='line_1_26' title="bbox 159 3635 1506 3712; baseline 0.002 -16"><span class='ocrx_word' id='word_1_213' title='bbox 159 3635 328 3696; x_wconf 77' lang='lat' dir='ltr'><strong>Graeciam</strong></span> <span class='ocrx_word' id='word_1_214' title='bbox 359 3649 458 3708; x_wconf 89' lang='lat' dir='ltr'><strong>quam</strong></span> <span class='ocrx_word' id='word_1_215' title='bbox 488 3651 547 3710; x_wconf 89' lang='lat' dir='ltr'><strong>per</strong></span> <span class='ocrx_word' id='word_1_216' title='bbox 573 3636 691 3697; x_wconf 84' lang='lat' dir='ltr'><strong>Asiam</strong></span> <span class='ocrx_word' id='word_1_217' title='bbox 723 3636 933 3712; x_wconf 84' lang='lat' dir='ltr'><strong>divagatum,</strong></span> <span class='ocrx_word' id='word_1_218' title='bbox 958 3637 1041 3698; x_wconf 88' lang='lat' dir='ltr'><strong>nulii</strong></span> <span class='ocrx_word' id='word_1_219' title='bbox 1065 3652 1131 3698; x_wconf 92' lang='lat' dir='ltr'><strong>non</strong></span> <span class='ocrx_word' id='word_1_220' title='bbox 1155 3642 1269 3699; x_wconf 87' lang='lat' dir='ltr'><strong>movet</strong></span> <span class='ocrx_word' id='word_1_221' title='bbox 1291 3654 1386 3712; x_wconf 87' lang='lat' dir='ltr'><strong>quae·</strong></span> <span class='ocrx_word' id='word_1_222' title='bbox 1499 3663 1506 3674; x_wconf 92' lang='lat'><strong>·</strong></span> 
     </span>
     <span class='ocr_line' id='line_1_27' title="bbox 157 3748 1384 3825; baseline 0.003 -17"><span class='ocrx_word' id='word_1_223' title='bbox 157 3749 315 3825; x_wconf 83' lang='lat' dir='ltr'><strong>ationem,</strong></span> <span class='ocrx_word' id='word_1_224' title='bbox 340 3752 395 3823; x_wconf 87' lang='lat' dir='ltr'><strong>qui</strong></span> <span class='ocrx_word' id='word_1_225' title='bbox 418 3748 527 3810; x_wconf 91' lang='lat' dir='ltr'><strong>hercle</strong></span> <span class='ocrx_word' id='word_1_226' title='bbox 552 3765 627 3810; x_wconf 92' lang='lat' dir='ltr'><strong>cum</strong></span> <span class='ocrx_word' id='word_1_227' title='bbox 651 3748 852 3825; x_wconf 84' lang='lat' dir='ltr'><strong>appellativo</strong></span> <span class='ocrx_word' id='word_1_228' title='bbox 876 3749 1068 3812; x_wconf 73' lang='lat' dir='ltr'><strong>&#39;telamonio</strong></span> <span class='ocrx_word' id='word_1_229' title='bbox 1092 3751 1137 3812; x_wconf 90' lang='lat' dir='ltr'><strong>sit</strong></span> <span class='ocrx_word' id='word_1_230' title='bbox 1154 3752 1384 3813; x_wconf 87' lang='lat' dir='ltr'><strong>coniunctum!</strong></span> 
     </span>
     <span class='ocr_line' id='line_1_28' title="bbox 158 3861 526 3937; baseline -0.003 -13"><span class='ocrx_word' id='word_1_231' title='bbox 158 3861 209 3924; x_wconf 83' lang='lat' dir='ltr'><strong>ab</strong></span> <span class='ocrx_word' id='word_1_232' title='bbox 231 3861 294 3922; x_wconf 91' lang='lat' dir='ltr'><strong>hoc</strong></span> <span class='ocrx_word' id='word_1_233' title='bbox 317 3861 526 3937; x_wconf 90' lang='lat' dir='ltr'><strong>incipiamus.</strong></span> 
     </span>
    </p>
   </div>
   <div class='ocr_carea' id='block_1_3' title="bbox 676 4154 864 4162">
    <p class='ocr_par' dir='ltr' id='par_1_3' title="bbox 676 4154 864 4162">
     <span class='ocr_line' id='line_1_29' title="bbox 676 4154 864 4162; baseline -0.005 -1"><span class='ocrx_word' id='word_1_234' title='bbox 676 4154 864 4162; x_wconf 73' lang='lat'><em>——..—-—-</em></span> 
     </span>
    </p>
   </div>
   <div class='ocr_carea' id='block_1_4' title="bbox 655 4343 893 4432">
    <p class='ocr_par' dir='ltr' id='par_1_4' title="bbox 655 4343 893 4432">
     <span class='ocr_line' id='line_1_30' title="bbox 655 4343 893 4432; baseline 0.008 -22"><span class='ocrx_word' id='word_1_235' title='bbox 655 4343 701 4411; x_wconf 90' lang='lat' dir='ltr'><strong>X.</strong></span> <span class='ocrx_word' id='word_1_236' title='bbox 732 4344 893 4432; x_wconf 78' lang='grc' dir='ltr'><strong><em>Τεῦκρος.</em></strong></span> 
     </span>
    </p>
   </div>
   <div class='ocr_carea' id='block_1_5' title="bbox 153 4557 1391 4868">
    <p class='ocr_par' dir='ltr' id='par_1_5' title="bbox 153 4557 1391 4868">
     <span class='ocr_line' id='line_1_31' title="bbox 202 4557 1389 4636; baseline 0.001 -19"><span class='ocrx_word' id='word_1_237' title='bbox 202 4557 346 4619; x_wconf 82' lang='lat' dir='ltr'><strong>&#39;I&#39;eucros</strong></span> <span class='ocrx_word' id='word_1_238' title='bbox 381 4573 503 4619; x_wconf 91' lang='lat' dir='ltr'><strong>nomen</strong></span> <span class='ocrx_word' id='word_1_239' title='bbox 538 4559 642 4620; x_wconf 86' lang='lat' dir='ltr'><strong>fuisse</strong></span> <span class='ocrx_word' id='word_1_240' title='bbox 674 4561 845 4622; x_wconf 90' lang='lat' dir='ltr'><strong>cuiusdam</strong></span> <span class='ocrx_word' id='word_1_241' title='bbox 876 4561 986 4634; x_wconf 88' lang='lat' dir='ltr'><strong>geniis</strong></span> <span class='ocrx_word' id='word_1_242' title='bbox 1018 4559 1162 4636; x_wconf 79' lang='lat' dir='ltr'><strong>Cyprum</strong></span> <span class='ocrx_word' id='word_1_243' title='bbox 1194 4560 1272 4621; x_wconf 92' lang='lat' dir='ltr'><strong>olim</strong></span> <span class='ocrx_word' id='word_1_244' title='bbox 1302 4557 1389 4621; x_wconf 91' lang='lat' dir='ltr'><strong>habi·</strong></span> 
     </span>
     <span class='ocr_line' id='line_1_32' title="bbox 153 4671 1390 4750; baseline 0.001 -18"><span class='ocrx_word' id='word_1_245' title='bbox 153 4671 258 4732; x_wconf 86' lang='lat' dir='ltr'><strong>tantis</strong></span> <span class='ocrx_word' id='word_1_246' title='bbox 284 4671 336 4732; x_wconf 84' lang='lat' dir='ltr'><strong>vei</strong></span> <span class='ocrx_word' id='word_1_247' title='bbox 360 4672 472 4747; x_wconf 90' lang='lat' dir='ltr'><strong>potius</strong></span> <span class='ocrx_word' id='word_1_248' title='bbox 493 4688 614 4733; x_wconf 88' lang='lat' dir='ltr'><strong>nornen</strong></span> <span class='ocrx_word' id='word_1_249' title='bbox 636 4673 846 4750; x_wconf 85' lang='lat' dir='ltr'><strong>regulorum,</strong></span> <span class='ocrx_word' id='word_1_250' title='bbox 870 4675 926 4746; x_wconf 89' lang='lat' dir='ltr'><strong>qui</strong></span> <span class='ocrx_word' id='word_1_251' title='bbox 940 4674 1017 4735; x_wconf 89' lang='lat' dir='ltr'><strong>huic</strong></span> <span class='ocrx_word' id='word_1_252' title='bbox 1036 4675 1140 4750; x_wconf 90' lang='lat' dir='ltr'><strong>genti,</strong></span> <span class='ocrx_word' id='word_1_253' title='bbox 1163 4673 1390 4749; x_wconf 83' lang='lat' dir='ltr'><strong>Gergithibus,</strong></span> 
     </span>
     <span class='ocr_line' id='line_1_33' title="bbox 157 4783 1391 4868; baseline 0.002 -24"><span class='ocrx_word' id='word_1_254' title='bbox 157 4787 363 4862; x_wconf 90' lang='lat' dir='ltr'><strong>praeessent,</strong></span> <span class='ocrx_word' id='word_1_255' title='bbox 401 4786 542 4847; x_wconf 89' lang='lat' dir='ltr'><strong>coniecit</strong></span> <span class='ocrx_word' id='word_1_256' title='bbox 577 4787 794 4849; x_wconf 88' lang='lat' dir='ltr'><strong>Kretschmer</strong></span> <span class='ocrx_word' id='word_1_257' title='bbox 822 4783 1023 4868; x_wconf 81' lang='lat' dir='ltr'><strong>(litinieitung</strong></span> <span class='ocrx_word' id='word_1_258' title='bbox 1055 4788 1108 4850; x_wconf 80' lang='lat' dir='ltr'><strong>Gr.</strong></span> <span class='ocrx_word' id='word_1_259' title='bbox 1141 4789 1211 4864; x_wconf 83' lang='lat' dir='ltr'><strong>Spr.</strong></span> <span class='ocrx_word' id='word_1_260' title='bbox 1243 4804 1274 4864; x_wconf 91' lang='lat' dir='ltr'><strong>p.</strong></span> <span class='ocrx_word' id='word_1_261' title='bbox 1305 4788 1391 4857; x_wconf 79' lang='lat'><strong>189).</strong></span> 
     </span>
    </p>
   </div>
   <div class='ocr_carea' id='block_1_6' title="bbox 0 0 1771 5692">
    <p class='ocr_par' dir='ltr' id='par_1_6' title="bbox 0 0 1771 5692">
     <span class='ocr_line' id='line_1_34' title="bbox 0 0 1771 5692; baseline 0 0"><span class='ocrx_word' id='word_1_262' title='bbox 0 0 1771 5692; x_wconf 95' lang='lat' dir='ltr'><strong> </strong></span> 
     </span>
    </p>
   </div>
  </div>
 </body>
</html>
