3525 5692
697 716 739 760 uu
761 714 872 762 araon.
1375 703 1395 762 3

172 884 268 965 δίρμα
290 907 326 963 με
348 894 408 946 νῦν
430 887 679 964 περιπλανᾶται”.
702 885 823 948 Valent
844 886 1005 948 nimirum
1032 888 1162 965 ,σιάντα
1180 892 1285 974 λεοντῇ
1303 886 1396 967 ἠμφι-

173 998 322 1079 εσμένον”
347 1001 399 1072 (cf.
423 1001 472 1064 Ol.
496 999 550 1078 IV,
577 1001 636 1061 22:
661 997 810 1078 χαλκέοισι
834 994 861 1060 δ’
889 998 921 1061 ἐν
943 999 1038 1061 ἔντεσι
1061 1008 1175 1075 νικῶν).

218 1114 301 1191 Quid
325 1117 437 1176 autem
459 1112 664 1175 scholiasta?
687 1113 870 1178 Mirabundi
891 1113 1034 1190 legimus
1057 1116 1155 1177 haec:

223 1235 331 1305 ,rouro
366 1227 458 1298 ἰδίοις.
489 1224 527 1286 οδ
557 1224 613 1306 γὰρ
646 1222 662 1285 δ
695 1225 838 1303 Τελαμὼν
869 1226 1003 1288 ἐκέλευσε
1032 1239 1072 1311 τῷ
1097 1223 1243 1309 Ἡρακλεῖ
1268 1229 1397 1311 ἐμβῆναι

176 1341 265 1416 (sici)
295 1351 335 1424 τῷ
368 1337 491 1418 δέρματι
520 1338 572 1399 καί
603 1337 766 1418 εὔξασθαι,
794 1335 852 1399 ἀλλ’
887 1340 978 1413 αὐτὸς
1009 1336 1199 1421 δἯρακλῆς
1222 1354 1310 1408 τοῦτο
1333 1347 1394 1411 κατ’

175 1454 259 1515 ἰδίαν
282 1453 389 1536 ἔπραξε
412 1455 596 1534 προαίρεσιν.
620 1454 756 1532 εἴληπται
780 1449 812 1514 δὲ
836 1452 868 1514 ἔκ
887 1463 947 1514 τῶν
965 1456 1102 1535 μεγάλων
1120 1454 1215 1536 ἠοιῶν
1234 1455 1254 1536 ἡ
1273 1461 1398 1543 ἱστορία.

177 1567 240 1630 ἐκεῖ
277 1568 333 1649 γὰρ
375 1567 541 1647 εὑρίσκεται
583 1566 813 1646 ἕπιξενούμενος
852 1565 868 1628 ὁ
897 1563 1048 1648 Ἡρακλῆς
1081 1581 1120 1654 τῷ
1158 1576 1313 1649 Τελαμῶνι
1347 1577 1399 1639 καλ

178 1682 380 1761 ἐμβαίνων
407 1691 443 1766 τῇ
474 1684 550 1766 δορᾷ
580 1681 628 1742 καλ
658 1681 828 1761 εὐχόμενος.
857 1681 907 1743 καλ
939 1682 1034 1755 οὕτως
1058 1680 1074 1744 δ
1099 1685 1268 1765 διόπομπος
1290 1689 1401 1772 αἰετὸς,
1426 1688 1428 1690 ’

177 1792 229 1873 ἀφ’
256 1789 293 1858 οὗ
317 1796 372 1874 τὴν
395 1795 613 1874 προσωνυμίαν
637 1794 743 1874 ἔλαβεν
768 1796 877 1869 Αίας.”

222 1912 383 1972 Pindarus
413 1911 514 1986 igitur
543 1911 723 1972 scholiasta
753 1913 840 1972 teste
863 1912 1089 1973 narrationem
1114 1931 1132 1976 e
1155 1914 1283 1990 Magnis
1306 1920 1401 1982 Hoeis

176 2025 316 2102 petitam
346 2026 475 2101 proprio
502 2026 606 2087 Marte
630 2026 784 2086 mutavit.
809 2025 911 2087 Poeta
933 2027 1036 2102 enim,
1062 2043 1138 2089 cum
1162 2030 1254 2105 epico
1277 2032 1312 2093 in
1335 2049 1401 2095 oar·

179 2141 267 2202 mine
289 2140 427 2215 legisset
446 2140 622 2202 Herculem
642 2141 830 2215 precantem
843 2142 959 2216 sponte
970 2140 1104 2203 leonina
1114 2143 1148 2203 in
1159 2144 1244 2219 pelle
1254 2148 1402 2226 stetisse,

178 2255 261 2326 ἰδίως
284 2255 434 2330 remita
463 2254 623 2330 mutavit,
654 2256 692 2315 ut
722 2254 881 2315 Hercules
910 2254 1102 2316 Telamonis
1123 2260 1241 2331 rogatu
1262 2260 1297 2320 in
1320 2261 1404 2337 pelle

180 2369 361 2430 insisteret.
1410 2360 1414 2366 ’

224 2480 314 2542 Duae
327 2496 382 2543 res
393 2483 446 2544 hio
461 2483 540 2543 sunt
551 2481 786 2543 observandae.
800 2481 917 2544 Altera
928 2485 993 2559 est,
1006 2484 1092 2557 quod
1103 2485 1136 2544 in
1149 2485 1276 2548 scholio
1288 2491 1405 2563 poetae

182 2597 299 2657 verba:
326 2594 398 2672 ,thu
421 2592 475 2672 μὲν
499 2593 531 2654 ἒν
555 2593 628 2675 ῥινῷ
648 2593 768 2666 λίοντος
789 2594 899 2654 στάντα
919 2596 1062 2673 κελήσατο
1082 2596 1264 2658 σπονδαῖσιν
1282 2596 1407 2679 ίίρξαι”,

182 2712 358 2771 vertuntur
381 2711 475 2785 quasi
494 2710 645 2771 valeant:
669 2705 706 2785 ,ὁ
728 2706 870 2786 Τελαμὼν
890 2706 1023 2769 ἐκέλευσε
1042 2709 1094 2769 τὸν
1108 2705 1258 2786 Ἠρακλέα
1276 2711 1407 2792 ἐμβῆναι

183 2832 218 2908 ‘ll
245 2828 350 2908 λεοντῇ
373 2821 423 2883 καλ
447 2823 541 2896 οίλτοις
562 2820 714 2901 δίρξασθαι
732 2831 791 2882 τῶν
810 2823 986 2883 σπονδῶν”.
1005 2823 1133 2900 Altera,
1155 2826 1239 2899 quod
1258 2827 1407 2903 perhibet

184 2939 379 3013 scholiasta,
404 2938 532 3013 Magnis
550 2951 678 3011 quoque
697 2936 731 2996 in
751 2936 848 2997 Hoeis
866 2936 1046 2998 Herculem
1066 2934 1212 3009 εὔξασθαι
1233 2936 1406 3017 ἐμβάντα

184 3061 219 3135 τῇ
243 3052 326 3134 δορᾷ.
1355 3041 1377 3046 ’-

229 3165 450 3226 Scholiastam
484 3164 618 3224 Pindari
651 3162 752 3224 verba
781 3178 954 3239 perperam
990 3165 1133 3226 vertisse
1167 3166 1275 3240 quivis
1308 3167 1409 3231 videt.

183 3280 295 3353 Neque
329 3278 513 3351 antiquitus
543 3277 701 3354 defuisse,
732 3277 787 3350 qui
819 3277 939 3337 melius
961 3277 1042 3337 haec
1066 3278 1165 3339 verba
1188 3281 1406 3357 explicarent,

185 3394 278 3469 patet
301 3407 319 3453 e
341 3391 458 3453 scholii
482 3391 593 3452 verbis
615 3391 795 3466 proximis:

230 3503 306 3566 ἔνιοι
340 3501 373 3565 δὲ
408 3504 502 3574 οίίτως
538 3501 694 3564 ἀκούουσι·
728 3501 803 3564 ίδδιν
838 3500 854 3564 δ
892 3502 1032 3579 Τελαμὼν
1063 3502 1115 3564 τὸν
1139 3500 1289 3584 Ἡρακλία
1318 3503 1407 3583 δίφνιο
1527 3551 1529 3555 .

187 3617 336 3694 ἐφεστῶτα
361 3617 392 3679 ἐν
417 3627 452 3702 τῇ
477 3618 551 3700 δορᾷ
574 3616 809 3696 παρεκελεύσατο
833 3615 915 3699 αὐτῷ
940 3613 979 3688 ὡς
1003 3607 1075 3694 ἧκεν
1100 3615 1132 3676 ἐκ
1153 3627 1205 3695 τῆς
1226 3615 1300 3679 ὁδοῦ
1320 3619 1409 3680 σπίν-

188 3734 260 3794 δειν’
291 3731 421 3794 τοοτίστι
444 3730 485 3808 μή
510 3728 704 3809 ἀποθέμενον
727 3730 760 3790 τδ
784 3728 893 3809 δίρμα,
916 3728 990 3790 ἀλλὰ
1013 3728 1053 3802 ὡς
1076 3723 1152 3810 εἶχεν
1167 3729 1328 3810 -δίρξασθαι
1349 3744 1410 3795 τῶν

189 3848 341 3908 σπονδῶν.
373 3843 413 3918 αἰς
444 3845 550 3924 ὅμοιον
580 3838 658 3906 εἶναι
685 3855 733 3928 τῷ·
767 3841 936 3922 ,Ἥφαιστε
967 3838 1090 3923 πρόμολ’
1119 3836 1192 3924 ὧδε,
1217 3844 1300 3920 Θέτις
1322 3850 1361 3910 νύ
1384 3873 1412 3910 τι

189 3966 250 4023 σεῖο
274 3961 411 4042 χατίζει.”

231 4076 327 4153 Sapis
364 4075 566 4152 sapientiam
603 4074 863 4137 Aristarcheam.
902 4074 1134 4150 Intellegimus
1171 4080 1285 4137 autem
1319 4078 1411 4138 scho-

188 4191 336 4267 liastam,
367 4190 419 4251 cui
450 4204 548 4252 verus
577 4204 736 4250 versuum
762 4203 883 4249 sensus
906 4190 1006 4250 notus
1028 4192 1130 4267 esset,
1152 4205 1218 4251 ιιοιι
1241 4191 1412 4251 incautum

188 4305 309 4370 falsam
339 4304 553 4380 praemisisse
584 4302 851 4378 explicationem.
887 4302 969 4381 Quid
998 4303 1100 4377 igitur
1129 4304 1342 4366 iudicandum
1372 4305 1413 4367 de

189 4419 334 4484 hominis
354 4417 598 4493 observatione,
619 4432 704 4491 quae
717 4417 757 4477 ad
770 4416 874 4477 Hoeas
887 4417 1024 4491 Magnas
1034 4418 1201 4493 pertinet?
1211 4419 1414 4482 Mentitusne

189 4535 255 4609 est,
280 4531 367 4606 quod
381 4531 532 4608 perhibet
549 4531 584 4591 iu
604 4530 752 4592 carmine
772 4531 864 4605 epioo
885 4530 1062 4591 Herculem
1081 4532 1248 4594 institisse
1259 4533 1294 4594 in
1305 4534 1415 4610 pelle?

190 4647 243 4708 An
271 4647 356 4708 forte
385 4661 505 4708 verum
535 4645 635 4721 dixit,
665 4645 724 4706 sed
754 4645 818 4704 hac
848 4644 921 4720 ipsa
948 4646 1110 4721 sapientia
1131 4647 1165 4706 in
1189 4646 1321 4708 Pindari
1343 4648 1414 4710 loco

189 4760 383 4839 explicando
414 4775 435 4821 a
464 4775 543 4821 vera
572 4760 627 4820 via
657 4760 822 4821 abductus
848 4762 925 4820 est?
952 4760 1075 4838 Immo,
1099 4761 1155 4836 qui
1178 4762 1227 4823 ita
1248 4763 1415 4826 aberravit
