3525 5692
320 697 361 758 44
842 721 884 764 nu
907 721 1017 765 arnon.

318 889 442 964 potest,
479 888 535 948 ubi
570 890 684 952 Graeci
719 890 842 953 bellum
878 892 1038 970 inferunt,
1075 895 1196 970 oppida
1229 895 1438 971 expugnare
1469 893 1551 951 tunc

316 1015 460 1075 magnus
480 1003 576 1064 heros
596 1005 798 1066 carminibus
817 1007 956 1081 dignum
975 1022 1012 1069 ee
1031 1011 1193 1085 praestat,
1213 1009 1268 1068 ubi
1289 1006 1420 1081 Graeci,
1437 1005 1492 1078 qui
1504 1005 1546 1065 ad

315 1118 572 1191 oppugnandum
603 1122 781 1198 venerunt,
809 1119 872 1196 ipsi
895 1121 1034 1198 repulsi,
1058 1122 1093 1182 in
1116 1122 1274 1197 angulum
1298 1120 1426 1182 detrusi
1448 1133 1544 1193 oppu-

316 1231 469 1304 guantur.
501 1229 693 1293 celebratur
722 1233 825 1308 igitur
851 1233 940 1293 Aiax
963 1235 997 1294 in
1020 1235 1146 1295 maiore
1170 1234 1283 1295 Iliadis
1305 1236 1408 1310 parte.
1433 1230 1548 1292 Iliadis

315 1344 406 1405 enim
441 1347 589 1422 nostrae,
621 1347 672 1407 oui
695 1347 788 1408 deest
813 1346 924 1426 Τροίας
947 1345 1071 1425 ἅλωσις,
1094 1350 1132 1408 ut
1155 1349 1202 1408 ita
1224 1347 1347 1428 dicam,
1372 1345 1546 1425 Odysseia,

315 1458 475 1520 maiorem
497 1463 628 1535 partem
652 1466 792 1537 occupat
815 1462 966 1524 Aianteis
989 1465 1186 1532 (castrorum
1210 1476 1405 1537 graecorum
1424 1474 1545 1535 oppug-

314 1574 417 1643 natio)
429 1590 529 1647 quam
549 1575 710 1636 Achilleis
730 1576 958 1646 (Troianorum
977 1576 1070 1651 fuga,
1091 1576 1246 1636 Hectoris
1265 1574 1411 1646 caedes);
1431 1587 1545 1647 quam·

315 1704 414 1762 quam
449 1689 589 1750 Achillis
623 1705 744 1752 nomen
775 1691 899 1752 clarius
928 1691 997 1753 iam
1028 1691 1061 1752 in
1085 1693 1242 1752 carminis
1266 1690 1360 1751 initio
1383 1689 1544 1750 lectorum

313 1806 465 1865 animum
489 1805 522 1863 in
546 1819 582 1864 se
607 1806 743 1865 vertens
766 1805 859 1866 Aiaci
883 1805 971 1867 haud
993 1820 1134 1881 parvum
1155 1806 1396 1866 detrimentum
1419 1801 1547 1863 attulit.

358 1920 418 1980 Est
437 1919 503 1980 alia
522 1935 650 1994 quoque
670 1935 723 1980 res
742 1920 922 1980 observatu
942 1920 1147 1995 dignissima.
1168 1919 1285 1980 Nullus
1303 1918 1372 1980 tere
1384 1916 1548 1978 aetheros

312 2034 383 2095 sive
406 2035 440 2094 in
463 2034 582 2095 castris
605 2033 732 2108 graecis
755 2033 828 2094 sive
850 2034 884 2093 in
906 2034 1058 2110 troianis,
1085 2034 1163 2108 quin
1183 2032 1352 2097 interdum
1371 2032 1412 2093 ab
1432 2031 1547 2103 aliquo

312 2148 449 2208 numine
470 2148 654 2208 adiuvetur.
676 2144 837 2208 Certatim
856 2148 938 2208 luno
958 2149 991 2208 et
1009 2148 1157 2208 Minerva
1171 2147 1326 2208 heroibus
1339 2145 1549 2222 opitulantur

312 2261 383 2323 sive
404 2260 628 2339 pugnantibus
648 2261 720 2320 sive
739 2261 953 2336 fugientibus.
973 2261 1259 2337 Agamemnonem
1278 2260 1396 2321 harum
1409 2260 1548 2321 dearum

314 2375 376 2434 sub
400 2375 559 2450 auspiciis
581 2374 616 2434 in
640 2389 786 2450 pugnam
809 2376 1063 2437 descendentem
1087 2375 1232 2437 ostendit
1250 2374 1346 2436 nobis
1364 2378 1396 2434 A
1414 2374 1457 2435 44
1476 2365 1547 2446 'qu

719 2485 767 2549 ἐπὶ
791 2483 819 2549 δ’
845 2487 1043 2569 ἐγδούπησαν
1066 2487 1214 2568 Ἀθηναίη
1238 2509 1268 2548 τε
1294 2485 1345 2548 καὶ
1359 2483 1441 2565 Ἥρη

493 2610 619 2679 τιμῶσαι
642 2602 772 2680 βασιλῆα
795 2603 997 2682 πολυχρύσοιο
1021 2603 1184 2682 Μυκήνης.

199 2785 207 2804 Ι
315 2715 500 2776 Menelaum
524 2717 557 2776 in
582 2731 620 2776 eo
643 2718 681 2776 ut
704 2716 844 2777 Pandari
863 2718 988 2792 sagitta
1007 2718 1141 2779 mortali
1160 2713 1546 2777 conficiaturaliinerva

316 2828 461 2904 periculo
485 2831 680 2904 exemptum
706 2829 857 2890 videmus
880 2833 908 2888 A
933 2832 996 2892 128
1019 2847 1084 2906 sq.:

784 2940 858 3014 Διὸς
881 2943 1021 3024 θυγάτηρ
1044 2941 1161 3024 ἀγελείη

496 3054 513 3132 ἥ
536 3077 581 3115 τοι
603 3053 720 3135 πρόσθε
743 3064 837 3116 στᾶσα
860 3054 947 3136 βέλος
970 3054 1125 3138 ἐχεπευκὲς
1148 3055 1255 3136 ἄμυνε.

358 3173 395 3230 ln
428 3172 456 3227 Ε
486 3171 559 3245 ipsa
594 3169 741 3232 Minerva
769 3171 940 3234 Diomedis
971 3173 1143 3234 adscendit
1166 3187 1310 3233 currum.
1334 3171 1457 3232 Eadem
1480 3169 1545 3229 dea

312 3300 477 3358 nusquam
501 3299 566 3344 non
590 3299 686 3359 opem
711 3285 775 3346 fert
798 3285 905 3347 Ulixi
925 3286 1094 3363 Patroclo,
1118 3287 1173 3347 ubi
1192 3287 1352 3347 Troianos
1371 3286 1406 3345 in
1425 3285 1541 3358 fugam

312 3398 445 3474 conicit,
471 3398 617 3472 luppiter
640 3399 710 3474 ipse
730 3400 834 3460 adest.
855 3400 894 3458 Iu
914 3400 1097 3461 certamine
1115 3400 1202 3461 inter
1221 3399 1386 3460 Achillem
1406 3400 1439 3460 et
1458 3398 1541 3458 Hec-

312 3514 420 3572 torem
445 3511 557 3572 habito
581 3513 760 3574 Troianum
783 3514 895 3590 potius
919 3515 1086 3576 Minervae
1105 3515 1190 3575 dolis
1210 3529 1311 3586 quam
1330 3513 1364 3573 vi
1384 3515 1418 3573 et
1437 3511 1543 3573 armis

313 3624 453 3685 Achillis
475 3629 667 3699 superatum
693 3641 767 3688 esse
791 3628 892 3688 dicas,
913 3629 1030 3703 Apollo
1050 3629 1104 3689 diu
1123 3627 1227 3689 fidum
1246 3627 1375 3688 socium
1395 3641 1431 3686 se
1451 3639 1542 3702 prae·

312 3740 383 3798 stat
412 3738 557 3800 Hectori.
588 3742 717 3802 Aeneas
746 3744 897 3802 amatre
920 3744 1008 3803 hosti
1033 3746 1166 3818 ereptus
1190 3743 1231 3804 ab
1255 3741 1408 3817 Apolline
1433 3755 1545 3801 serva·

312 3854 378 3927 tur,
403 3866 423 3911 a
445 3851 549 3913 Diana
572 3857 719 3916 sanatur.

359 3965 445 4024 Aiax
479 3968 591 4028 autam
623 3968 715 4029 solus
744 3967 832 4028 nulla
865 3968 1001 4029 deorum
1029 3985 1089 4046 ope
1115 3968 1260 4030 confisus
1283 3964 1545 4042 init‘proelium.

313 4079 427 4140 Iovem
458 4079 591 4152 quidem
618 4096 676 4156 pro
707 4097 745 4142 eo
769 4081 927 4141 invocant
950 4083 1073 4143 Achaei
1096 4085 1276 4156 antequam
1300 4096 1374 4142 cum
1398 4080 1544 4141 Hectore

310 4194 479 4252 certamen
502 4194 578 4271 init,
602 4197 660 4256 sed
683 4196 831 4271 luppiter
854 4197 1035 4270 utrumque
1059 4198 1182 4273 pariter
1201 4196 1338 4256 adiuvat
1357 4193 1409 4254 vel
1428 4194 1541 4268 potius

311 4320 378 4365 non
396 4306 543 4371 adiuvat.
562 4310 647 4369 Nam
666 4309 745 4370 licet
764 4308 880 4384 Apollo
900 4309 1079 4372 Hectorem
1100 4312 1266 4372 iacentem
1279 4309 1435 4382 erigattll
1447 4309 1540 4385 272),

312 4419 352 4478 de
381 4434 442 4494 ope
472 4436 491 4480 a
521 4423 598 4483 Iove
622 4423 676 4483 vel
700 4422 834 4484 Hectori
858 4422 911 4483 vel
935 4423 1029 4485 Aiaci
1053 4425 1155 4486 allata
1177 4424 1282 4484 altum
1305 4423 1402 4498 poeta
1424 4425 1541 4483 servat

311 4533 492 4595 silentium.

355 4648 420 4724 Ita,
446 4663 521 4709 cum
546 4651 659 4712 nullus
683 4654 796 4712 exstat
818 4653 925 4730 locus,
946 4654 1002 4715 ubi
1022 4654 1178 4730 peculiari
1199 4651 1370 4712 cuiusdam
1390 4649 1541 4710 numinis

310 4775 372 4853 ope
404 4761 502 4822 beros
532 4767 646 4825 noster
677 4765 709 4825 in
733 4765 855 4862 proelio
880 4768 1068 4847 adiuvatur,
1091 4767 1278 4848 mirabundi
1301 4763 1445 4844 legimus
1467 4779 1539 4846 vep-
