3525 5692
321 1614 450 1749 DE
497 1604 1188 1748 AMAZONIBUS.

662 1914 716 1960 Der·
732 1913 869 1960 weibliche
884 1912 1015 1960 Schwarm
1029 1911 1076 1958 dar
1090 1909 1204 1958 Artemis
1218 1906 1371 1956 wiederholt

629 1993 687 2040 sich
703 1993 730 2040 in
748 1992 808 2040 dem
825 1991 1047 2040 Amazonenhser.

1004 2095 1111 2144 Usuunn
1128 2093 1199 2141 (1011.
1216 2104 1243 2151 p.
1261 2091 1301 2138 41,

184 2382 277 2466 ,mt’
311 2385 409 2467 ἄγετε,
438 2387 633 2466 λενκόνωδες,
662 2387 746 2466 οἵπερ
770 2385 819 2448 ἐπὶ
842 2386 1034 2466 Λειψύδριον
1058 2382 1204 2463 ἤλθομεν,
1226 2377 1267 2442 ὅτ’
1293 2373 1370 2460 ἦμεν

136 2501 195 2581 ἔτι,
226 2510 286 2562 νῦν
313 2502 372 2579 δεῖ,
393 2509 454 2561 νῦν
477 2498 649 2580 &superori
675 2502 831 2564 mulieres
854 2502 944 2562 enim
967 2515 1077 2562 arcem
1102 2499 1264 2574 obtinent,
1288 2511 1369 2557 mox

136 2633 246 2679 naves
276 2619 423 2678 armatas
445 2617 680 2694 conscendent,
706 2617 858 2678 Athenas
880 2615 1081 2677 Artemisiae
1104 2613 1272 2674 adinstar
1295 2613 1373 2672 sunt

138 2745 371 2808 aggressurae.
397 2729 479 2805 Quid
502 2730 530 2791 01
555 2729 717 2804 equitatui
740 2745 867 2804 quoque
887 2728 1088 2790 studebunt?
1107 2727 1227 2788 Actum
1248 2726 1312 2786 erit
1331 2724 1370 2786 ds

138 2845 308 2920 equitibus
339 2843 473 2905 nostris.
505 2845 557 2904 An
588 2857 654 2904 non
684 2845 835 2918 putatis?
865 2845 910 2905 At
932 2858 951 2904 0
976 2841 1066 2919 boni,
1090 2839 1293 2901 ἱππικώτατον
1314 2838 1370 2919 γάρ

136 2956 201 3019 ἐστι
236 2965 334 3037 χρῆμα
369 2953 505 3036 κᾶποχον
539 2955 629 3036 γονή.
661 2957 790 3018 Ridetis
820 2957 947 3018 etiam?
977 2960 1012 3017 at
1037 2956 1189 3031 inspicite
1211 2953 1296 3015 mihi
1318 2951 1370 3024 τὰς

140 3069 321 3150 Ἀμαζόνας,
343 3067 379 3143 ἃς
403 3069 516 3130 Μίκων
538 3064 640 3150 ἔγραψ’
667 3064 719 3146 ἀφ’
745 3069 848 3130 ἳππων
871 3068 1041 3150 μαχομένας
1063 3075 1125 3143 τοῖς
1148 3067 1329 3149 ἀνδράσιν”.

189 3185 245 3245 Sic
267 3185 355 3246 salse
377 3201 496 3246 senum
520 3184 640 3246 chorus
663 3185 696 3244 in
719 3184 908 3259 Lysistrata
930 3184 1054 3262 fabula,
1079 3200 1161 3259 quae
1181 3198 1268 3245 anno
1287 3177 1371 3243 411⁰

137 3314 263 3360 scenae
285 3299 481 3359 Atheniensi
504 3298 662 3358 mandata
685 3301 746 3359 est.
770 3299 857 3359 Ante
879 3299 1057 3373 sexaginta
1078 3299 1146 3360 iere
1165 3313 1270 3359 annos
1290 3299 1371 3358 iiico

140 3413 310 3474 Poeoiiam
342 3414 456 3474 Stoam
488 3412 794 3474 Amazonomschia
824 3414 971 3490 ornarat,
1002 3428 1086 3487 quae
1115 3414 1226 3487 imago
1253 3411 1294 3472 ab
1317 3411 1374 3472 1110

138 3529 292 3602 tempore
315 3526 399 3587 nulli
422 3541 488 3588 non
511 3527 575 3588 civi
598 3526 762 3588 coloribus
784 3525 1006 3586 viridissimis
1025 3530 1102 3587 ante
1121 3525 1234 3587 oculos
1253 3524 1373 3586 stabat.

187 3641 260 3702 Non
293 3656 357 3715 quo
388 3643 465 3702 ante
497 3641 658 3702 Miconem
688 3643 877 3701 Amazones
907 3641 1049 3701 Athenis
1078 3641 1210 3715 ignotae
1240 3639 1373 3700 fuerint.

139 3757 267 3830 Immo,
291 3754 437 3814 familias
458 3755 553 3828 pater
575 3751 651 3833 πρὸς
673 3761 735 3831 πῦρ
760 3748 885 3812 διέλκων
909 3746 967 3829 μετ’
989 3749 1112 3833 ἀνδρῶν
1131 3750 1257 3832 ἑταίρων
1275 3751 1373 3827 φίλων

138 3884 218 3931 0010
243 3883 319 3928 sera
343 3866 537 3943 crepuscula
559 3868 690 3927 noctem
715 3867 900 3942 traherent,
925 3867 1088 3928 factorum
1111 3866 1249 3928 fortium
1273 3867 1372 3927 maio·

137 3998 215 4044 rum
239 3997 368 4042 memor
387 3996 518 4056 semper
537 3980 661 4056 fuerat,
681 3979 802 4040 talium
821 3980 1019 4055 praesertim
1039 3981 1217 4057 maiorum,
1233 3995 1371 4053 quorum

139 4095 319 4172 1001110110,
356 4095 572 4155 fundamento
607 4092 711 4154 solido
746 4096 780 4154 01
813 4095 959 4169 0010100,
996 4093 1167 4155 civitatem
1198 4095 1259 4155 0111
1289 4095 1375 4155 inter

139 4224 260 4271 omnes
287 4209 472 4269 constabat.
497 4207 599 4269 (iuius
622 4211 735 4268 autem
759 4208 847 4282 regis
870 4208 962 4283 prius
986 4208 1020 4267 in
1042 4210 1190 4269 mentem
1214 4209 1244 4269 ei
1268 4209 1373 4268 venie·

140 4324 200 4384 bat
235 4337 335 4396 quam
371 4322 514 4383 Thesei?
549 4321 723 4382 cuiusnam
758 4322 915 4383 facinoris
951 4323 1086 4397 saepius
1120 4337 1217 4396 quam
1253 4321 1375 4382 atrocis

137 4436 257 4513 proelii
285 4439 336 4496 101
367 4437 444 4497 ante
474 4435 609 4497 saecula
638 4435 700 4496 sub
724 4437 807 4510 ipsis
829 4435 1038 4496 Athenarum
1062 4436 1237 4497 moenibus
1260 4438 1375 4496 contra

139 4553 330 4612 Amazones
368 4550 564 4610 commissi?
598 4550 714 4609 Nonne
751 4549 901 4610 tumulos
936 4565 1063 4624 quoque
1093 4551 1179 4627 apud
1213 4551 1372 4626 Pnycem,

138 4678 225 4740 pone
260 4665 445 4739 Musaeum,
480 4665 575 4738 pater
608 4661 675 4722 11110
709 4663 935 4739 monstrabat,
969 4663 1024 4724 ubi
1053 4665 1255 4741 Amazones,
1289 4679 1372 4737 quae

140 4778 262 4840 Thesei
295 4793 399 4840 manu
433 4777 633 4856 ceciderant,
671 4778 765 4836 erant
799 4777 974 4852 sepultae?
1009 4777 1092 4853 Quin
1127 4779 1227 4839 eiiam
1264 4781 1372 4854 erant,
