3525 5692
383 713 426 772 54
907 726 950 770 oa
972 725 1083 770 araca.

379 895 545 957 Herodoto
578 899 665 957 teate
695 895 851 972 (V,1aa;
882 894 955 972 VII,
979 896 1035 964 48)
1068 895 1272 956 Teucrorum
1305 910 1325 955 a
1357 897 1457 969 gente
1490 895 1612 969 postea

378 1010 427 1070 illi
461 1009 635 1084 Gergitha
663 1011 872 1085 supererant,
903 1024 1046 1082 quorum
1075 1008 1194 1070 urbem
1222 1009 1258 1068 in
1286 1008 1414 1068 Troade
1436 1007 1607 1068 conditam

377 1123 529 1185 nominat
557 1124 742 1200 Xenophon
773 1123 934 1185 Hellenic.
964 1123 1028 1198 ΙΙΙ,
1059 1122 1370 1198 1,15.Strabonia
1393 1137 1472 1182 vero
1494 1123 1607 1182 aetate

379 1237 425 1297 nil
460 1237 525 1298 niai
558 1238 703 1312 regionis
733 1253 855 1299 nomen
886 1237 1096 1312 Gergithium
1126 1236 1295 1298 exstabat.
1324 1236 1498 1296 Invenitur
1518 1233 1610 1294 idem

300 1415 320 1436 V
379 1364 503 1411 nomen
532 1349 740 1425 Gergithium
762 1350 849 1434 apud
871 1349 1022 1426 Caicum,
1045 1349 1175 1426 carnia,
1198 1348 1397 1440 Mileti-nbi
1418 1347 1511 1423 plebe
1533 1346 1609 1407 anb-

380 1463 467 1524 iacta
489 1463 635 1538 priscum
658 1464 817 1525 servabat
838 1479 980 1526 nomen:

428 1585 508 1652 ,τῶν
527 1576 677 1654 δημοτῶν,
696 1573 750 1649 οὓς
769 1574 880 1638 ἐκεῖνοι
892 1575 1045 1656 Γέργιθας
1057 1574 1202 1654 ἐκάλουν,
1212 1576 1394 1636 οίκλοδσιοι
1405 1573 1610 1652 κρατήσαντες

380 1689 516 1762 ἅπαντας
534 1681 579 1750 ὧν
593 1690 696 1770 κύριοι
715 1687 899 1768 κατίστησαν
917 1688 1069 1767 μετὰτῶν
1086 1687 1201 1750 tiam
1219 1689 1463 1750 κατεκίττοσαν”
1475 1687 1609 1757 (Athen.

381 1803 459 1880 ΧΠ,
484 1806 505 1865 5
528 1821 559 1880 p.
583 1799 674 1884 524).

424 1919 546 1980 Eorum
568 1919 699 1994 cognati
722 1921 816 1980 erant
838 1918 987 1995 Gemini,
1012 1934 1097 1993 quae
1113 1933 1198 1993 gena
1216 1919 1329 1979 aetate
1346 1917 1504 1978 historica
1521 1917 1607 1976 inco·

380 2031 470 2094 labat
509 2031 672 2107 Cyprum
706 2032 793 2093 unde
827 2032 937 2093 effecit
970 2032 1190 2093 Kretachmer
1223 2031 1398 2106 Gergithea
1430 2029 1608 2104 aliquando

379 2146 579 2207 Teucrorum
613 2145 675 2207 sub
709 2145 866 2220 auspiciis
895 2144 1003 2220 cypro
1032 2145 1200 2220 protectos
1228 2159 1322 2206 oram
1351 2145 1452 2204 Asiae
1474 2144 1612 2207 itineris

380 2260 588 2320 maritimam
606 2259 755 2334 legentes
772 2259 807 2318 in
826 2257 990 2319 Troadem
1008 2260 1151 2320 voniaae.
1170 2258 1257 2319 Item
1273 2257 1395 2318 Athen.
1407 2257 1466 2336 VI,
1485 2259 1550 2319 256
1563 2260 1606 2317 ii:

426 2370 585 2452 ,λέγουσιν
605 2370 729 2432 ὅτιτῶν
746 2371 900 2451 Γεργίνων
919 2393 963 2443 τις
982 2370 1034 2431 διδι
1052 2380 1106 2450 τῆς
1125 2370 1276 2450 παραλίας
1295 2366 1357 2448 μετ’
1372 2367 1482 2450 ὀλίγον
1493 2372 1608 2443 στείλας

379 2483 429 2546 ἐπὶ
458 2494 511 2563 τῆς
542 2485 686 2557 Αἰολίδος
716 2483 792 2544 κατὰ
822 2484 933 2544 πύστιν
962 2483 1025 2563 ἅμα
1054 2483 1108 2545 καί
1130 2483 1270 2563 οίκισμδν
1291 2493 1345 2563 τῆς
1365 2494 1426 2544 τῶν
1448 2485 1609 2565 προγόνων

379 2600 493 2678 χώρας,
515 2598 605 2659 πόλιν
627 2599 749 2660 οἰκίσειε
773 2597 840 2678 περὶ
859 2598 916 2676 τὴν
937 2598 1078 2678 Τρωικὴν
1089 2597 1183 2677 Ἴδην.
1201 2600 1312 2660 τούτου
1330 2608 1385 2660 τοῦ
1403 2600 1511 2660 στόλου
1529 2598 1609 2672 τινές

380 2709 630 2784 ἀποσπασθέντες
654 2709 686 2771 ἐν
710 2721 745 2795 τῇ
769 2712 896 2795 Κυμαίᾳ
924 2710 1080 2792 κατέσχον,
1109 2711 1142 2773 λκ
1175 2713 1302 2793 Κύπρου
1328 2711 1361 2774 τδ
1383 2710 1471 2793 γένος
1495 2711 1610 2785 ὄντες”·

381 2827 501 2888 Narrat
533 2829 707 2903 praeterea
737 2828 854 2889 Strabo
885 2828 974 2898 (XIV
996 2830 1073 2897 672)
1104 2829 1297 2890 sacerdotes
1325 2829 1430 2890 dialea
1452 2827 1553 2889 Oltae
1575 2828 1610 2887 in

380 2941 461 3002 urbe
491 2939 623 3002 Ciliciae
652 2955 774 3002 nomen
804 2942 952 3017 mouisse
981 2943 1203 3016 Teucrorum;
1232 2943 1397 3018 templum
1428 2941 1475 3002 ibi
1496 2940 1608 3019 ἵδρυμα

380 3047 457 3115 είναι
490 3053 620 3126 Αἴαντος
650 3062 704 3114 τοῦ
736 3055 881 3128 Τεύκρου.
913 3055 1058 3117 Piratico
1088 3055 1175 3117 bello
1198 3055 1307 3132 finito,
1332 3071 1408 3117 cum
1432 3055 1609 3131 Pompeius

381 3168 506 3243 piratas
539 3169 575 3228 in
607 3170 741 3244 regione
769 3177 822 3247 τῆς
854 3170 992 3241 Κιλικίας
1025 3169 1168 3249 Τραχείας
1195 3170 1405 3245 collocasset,
1429 3169 1609 3231 vocabatur

380 3281 439 3342 illa
471 3282 562 3358 regio
591 3278 611 3359 ἡ
642 3291 696 3343 τοῦ
729 3283 864 3363 Τεύκρου
896 3284 1059 3344 δυναστεία
1088 3282 1140 3343 καί
1165 3283 1324 3363 ἱερωσύνη.
1348 3284 1451 3345 Addit
1473 3281 1606 3345 Strabo:

291 3446 308 3472 s
383 3392 453 3472 „nui
472 3395 652 3455 cintriaco!
670 3417 703 3476 γε
726 3405 785 3457 τῶν
808 3395 1029 3476 ἱερευσαμένιον
1049 3394 1242 3474 ὠνομάζοντο
1264 3401 1390 3476 Τεῦκροι
1408 3393 1429 3474 ἢ
1449 3396 1607 3468 Αἴαντες”.

426 3509 617 3571 Sacerdotes
656 3510 756 3586 igitur
790 3511 880 3572 Iovis
914 3511 1025 3573 cilicia
1058 3512 1177 3587 templi
1212 3512 1398 3586 perantiqui
1431 3510 1608 3573 audiebant

379 3623 521 3683 invicem
541 3623 659 3685 Aiaces
677 3627 712 3685 et
730 3624 856 3685 Teucri.
875 3625 971 3686 Unde
989 3626 1128 3687 coniecit
1139 3625 1357 3688 Kretachmer
1367 3625 1456 3694 (ibid.
1468 3640 1499 3700 p.
1512 3619 1604 3692 398¹)

380 3735 523 3797 Teucros
546 3751 564 3797 e
587 3735 700 3799 cilicia
723 3739 884 3800 Tracheia
906 3743 997 3801 ortos
1019 3740 1195 3816 aliquando
1215 3741 1388 3802 traieciaae
1408 3739 1562 3816 cyprum.

423 3849 567 3910 Exstant
588 3853 702 3912 autem
725 3852 789 3913 duo
813 3853 880 3913 alia
903 3854 1101 3915 testimonia
1124 3855 1273 3931 antiqua,
1297 3869 1440 3928 quorum
1463 3854 1605 3914 alterum

286 4000 305 4030 o
378 3962 529 4037 perhibet
551 3964 693 4026 Teucros
715 3967 846 4027 venisse
870 3983 888 4027 e
908 3967 1017 4044 creta,
1042 3968 1186 4029 alterum
1209 3969 1365 4030 oriundos
1388 3983 1445 4029 eos
1468 3984 1541 4029 esse
1564 3983 1605 4028 ex

378 4076 499 4138 Attica.
523 4078 620 4139 Priua
642 4079 734 4141 hiece
756 4080 867 4141 verbis
891 4083 1089 4157 conceptum
1114 4085 1182 4143 est:

426 4194 517 4267 ,Τοῖς
547 4189 604 4273 γὰρ
636 4191 668 4253 λιι
691 4201 743 4272 τῆς
767 4193 889 4273 Κρήτης
912 4191 1090 4275 ἀφιγμένοις
1120 4196 1279 4274 Τείκροις,
1301 4192 1355 4266 οὓς
1377 4202 1494 4273 πρῶτος
1516 4191 1605 4274 παρέ-

380 4304 456 4365 δωκε
481 4307 631 4378 Καλλῖνος
656 4304 671 4367 ὁ
695 4316 747 4386 τῆς
771 4305 898 4388 ἐλεγείας
921 4307 1048 4387 ποιητὴς
1071 4307 1291 4388 ἠκολούθησαν
1310 4305 1344 4368 δὲ
1359 4309 1468 4370 πολλοί
1484 4311 1606 4368 κ.τ.λ”.

379 4418 621 4482 Testimonium
655 4423 758 4497 igitur
788 4425 841 4483 eet
870 4439 889 4484 e
919 4426 1012 4499 parte
1043 4424 1152 4499 priore
1175 4423 1299 4485 saeculi
1322 4423 1471 4500 septimi,
1495 4425 1608 4484 auctor

379 4533 674 4622 poeteidphesiue.

424 4648 576 4710 Alterum
599 4649 831 4712 testimonium
854 4653 907 4710 est
928 4652 1005 4712 hoc:

426 4759 529 4837 „ditor
560 4757 592 4821 δὲ
623 4759 655 4821 ἔκ
687 4770 740 4840 τῆς
772 4767 901 4841 Ἀττικῆς
924 4762 1058 4842 ἀφῖχθαί
1079 4787 1146 4822 τινα
1173 4763 1307 4842 Τεῦκρόν
1332 4779 1427 4839 φασιν
1451 4759 1483 4821 ἐκ
1506 4759 1608 4839 δήμου
