3525 5692
687 736 729 782 οοτ
751 737 862 784 Arnon.
1344 730 1385 789 95

209 908 351 984 Nuptiae
385 909 507 970 Bacchi
545 925 621 970 curn
655 909 806 984 Physcoa
840 910 926 971 unde
956 912 1089 986 genitus
1119 913 1298 989 Narcaeus,
1334 915 1390 988 qui

161 1022 290 1095 primus
321 1021 487 1083 Minervae
517 1021 662 1083 condidit
692 1022 870 1099 templum,
903 1026 1054 1099 spectant
1077 1026 1116 1086 ad
1141 1026 1267 1087 cultum
1291 1041 1388 1101 quen·

161 1135 239 1196 dam
272 1136 419 1196 [iliacum
445 1136 587 1197 triadem
617 1136 755 1198 deorum
785 1136 993 1215 amplexum,
1017 1154 1079 1212 quo
1103 1141 1197 1200 erant
1221 1141 1388 1201 coniuncti

162 1250 326 1326 Bacchus,
361 1249 466 1310 Diana
499 1249 651 1327 (Orthia),
685 1252 843 1312 Minerva.
878 1251 1047 1326 Physcoae
1082 1268 1160 1314 vero
1190 1268 1311 1315 nomen
1347 1270 1388 1314 ex

163 1363 254 1424 lllid‘e
277 1365 318 1424 ad
341 1365 524 1426 Locrenses
546 1379 608 1425 nos
631 1365 757 1425 reducit
778 1367 812 1425 et
834 1366 967 1438 quidem
991 1367 1031 1427 ad
1056 1365 1170 1427 urbem
1190 1367 1388 1429 Locrensem

162 1477 344 1555 Physcum,
387 1493 493 1553 neque
533 1479 567 1539 in
602 1480 664 1539 hac
698 1479 832 1553 regione
865 1479 987 1540 Bacchi
1020 1479 1213 1555 nuptiarum
1248 1482 1390 1556 vestigia

162 1592 331 1668 afuerunt,
356 1607 434 1652 nam
458 1608 500 1652 ex
524 1592 661 1652 Homeri
684 1591 884 1664 Hesiodique
907 1593 1089 1654 certamine
1113 1597 1172 1662 (vs.
1195 1594 1271 1664 216)
1295 1610 1389 1672 appa·

162 1709 215 1767 ret
244 1703 350 1785 ἑορτὴν
372 1706 535 1767 Ariadnes
556 1708 667 1768 actam
691 1721 766 1767 esee
800 1708 835 1767 in
865 1707 1012 1768 Locridis
1042 1709 1123 1768 urbe
1157 1706 1260 1792 Οἰνόῃ.
1288 1711 1388 1771 Nimi-

163 1836 238 1881 rum
262 1820 443 1895 agebantur
465 1820 510 1879 ibi
533 1820 695 1881 Ariadnes
718 1836 794 1880 cnm
816 1820 946 1882 Baccho
970 1821 1113 1896 nuptiae.

207 1934 371 1995 Exstabat
392 1949 521 2008 quoque
543 1934 623 1995 urbs
645 1934 756 1995 Eliaca
778 1934 947 1995 dialectice
967 1935 1132 2010 appellata
1156 1935 1281 2015 Βοιοόα,
1304 1939 1389 2012 quod

164 2063 287 2110 nomen
310 2048 387 2122 quin
407 2063 483 2108 cum
509 2047 618 2108 Oeneo
641 2047 771 2107 Aetolio
796 2049 928 2109 etcum
953 2048 1120 2109 Oenomao
1142 2048 1250 2113 Eliaco
1276 2052 1387 2114 cobae-

162 2165 235 2223 reat
265 2161 376 2222 nullus
406 2164 486 2236 puto
516 2160 689 2222 dubitabit.
714 2160 776 2221 Sed
800 2163 895 2235 pater
919 2161 1021 2222 Oenei
1043 2163 1182 2237 Phylius
1207 2167 1270 2240 est,
1296 2167 1390 2231 cuius

162 2275 243 2337 urbs
272 2276 306 2336 in
335 2275 426 2335 illido
457 2276 594 2335 vocatur
624 2274 800 2348 Phyteum.
824 2273 1000 2335 Contendit
1022 2275 1185 2336 Luebbsrt
1208 2279 1290 2348 (ind.
1314 2279 1389 2341 lect.

163 2391 268 2452 Bonn.
307 2391 402 2463 1882)
437 2391 599 2465 Phyteum
633 2389 722 2450 idem
755 2389 860 2449 luisse
891 2404 928 2449 ac
959 2389 1137 2450 Boenoam.
1169 2393 1390 2466 Agnoscimus

162 2503 295 2564 Pindari
324 2504 592 2565 observationem
619 2503 705 2563 serie
728 2502 902 2563 nominum
928 2502 961 2561 in
986 2505 1124 2576 utraque
1147 2505 1280 2578 regione
1303 2506 1392 2567 obvi·

163 2632 260 2678 orum
284 2616 489 2692 confirmari;
520 2617 747 2691 intellegimus
772 2617 909 2677 nomina
933 2615 1014 2676 baec
1038 2616 1209 2677 simillima
1232 2619 1393 2682 similium

163 2733 313 2794 cultuum
343 2733 466 2794 indicia
497 2733 680 2807 continere,
705 2732 763 2792 sed
787 2732 841 2792 vel
864 2731 1006 2793 minima
1029 2732 1141 2792 Aiacis
1165 2732 1397 2796 Telamonisve

162 2849 289 2908 mentio
324 2848 429 2908 abest.
464 2847 559 2907 Unde
589 2849 727 2922 apparet
757 2846 884 2920 optimo
915 2847 986 2906 iure
1017 2861 1117 2921 supra
1148 2861 1210 2907 nos
1235 2848 1396 2910 statuisse

163 2960 355 3022 Telamonis
390 2959 516 3021 cultum
550 2961 590 3020 ad
622 2959 737 3021 Sinum
769 2959 965 3021 Saronicum
994 2975 1070 3020 esee
1098 2960 1332 3034 quaerendum.
1354 2961 1395 3021 Et

163 3088 280 3135 revera
302 3073 444 3134 simulac
464 3075 626 3134 orientem
647 3087 766 3134 versus
786 3087 923 3147 gressus
943 3072 1083 3134 tulimus
1103 3076 1236 3136 nostros
1255 3075 1398 3149 vestigia

164 3189 275 3263 cupita
298 3188 495 3262 detegimus,

208 3301 408 3363 Audivimus
436 3302 525 3362 enirn
557 3301 678 3362 Bacchi
700 3315 814 3363 sacrae
838 3301 975 3376 nuptias
1002 3303 1094 3361 actas
1118 3301 1221 3361 inisse
1244 3300 1396 3378 Λοκρίδος

163 3413 196 3475 ἐν
222 3414 325 3498 Οἰνόῃ.
349 3417 408 3477 Est
431 3417 513 3477 haec
533 3416 612 3476 urbs
634 3416 782 3477 Locridis
808 3414 970 3488 Ozolidis;
995 3414 1139 3475 vidimus
1163 3416 1276 3476 autem
1296 3429 1397 3490 supra

162 3529 269 3604 ipsius
304 3529 415 3590 Aiacis
449 3531 647 3592 memoriam
690 3544 865 3604 superesse
900 3529 934 3588 in
969 3528 1103 3588 Locride
1136 3528 1288 3602 Opuntia.
1324 3528 1395 3588 Iam

162 3645 309 3718 primum
349 3645 622 3720 introspiciamus
657 3659 821 3718 quaenam
857 3641 1027 3703 exstiterit
1060 3641 1146 3702 ratio
1184 3641 1398 3715 genealogica

163 3758 265 3818 hasce
288 3758 375 3818 inter
398 3759 560 3834 regiones.

210 3870 299 3946 Opus
322 3872 416 3932 locus
440 3874 512 3932 erat

668 3978 704 4044 ἵν’
730 3982 932 4064 αἰολοβρόντα
956 3982 1029 4055 Διὸς
1053 3981 1125 4065 αἴσᾳ

388 4098 497 4178 Πόρρα
522 4097 699 4158 Δευκαλίων
722 4118 752 4157 τε
779 4100 945 4177 Παρνασοῦ
970 4095 1138 4176 καταβάντε

389 4209 484 4290 δόμον
506 4209 614 4272 ἔθεντο
638 4220 771 4291 πρῶτον,
793 4208 862 4292 όλτερ
886 4205 914 4271 δ’
940 4208 1030 4282 εὐνᾶς
1054 4206 1212 4289 ὁμόδαμον

385 4325 565 4404 ντηοολοθαν
588 4325 712 4385 λίθινον
735 4324 837 4405 μόνον·

386 4437 454 4500 λαολ
477 4433 505 4499 δ’
532 4435 716 4517 όνόμασθεν,

207 4553 336 4614 Horum
363 4551 453 4614 filius
482 4555 554 4615 erat
583 4552 810 4629 Amphiction,
843 4551 899 4624 qui
923 4550 992 4625 ipse
1016 4552 1130 4625 genuit
1154 4551 1321 4612 Aetolum.
1345 4552 1394 4611 Ex

162 4666 281 4728 Aetolo
304 4669 406 4727 natus
429 4669 481 4728 eet
510 4667 689 4741 Physcius‚
714 4666 807 4727 cuius
830 4679 952 4726 nomen
979 4679 1055 4724 cum
1079 4664 1249 4737 Physcoae
1268 4664 1323 4725 illo
1344 4679 1392 4726 co·
1472 4661 1473 4666 ’

161 4782 286 4840 haeret.
312 4780 464 4842 Habebat
486 4781 648 4854 Physcius
671 4779 778 4841 fllium
802 4780 957 4854 Locrum,
983 4778 1038 4850 qui
1062 4793 1121 4838 rex
1144 4779 1215 4838 erat
1239 4777 1394 4852 Lelegum
