3525 5692
655 717 697 761 nn
720 715 870 762 ossuum.
1314 705 1376 766 173

153 891 209 950 sed
240 891 359 964 talem,
390 890 447 964 qui
476 890 509 949 in
539 889 645 964 ipsius
673 888 820 949 familiae
846 889 923 949 sinu
942 887 1090 949 obtineat
1112 889 1235 966 locum,
1260 892 1315 964 qui
1339 893 1379 952 ad

154 1004 316 1064 familiam
349 1004 525 1079 pertineat,
556 1017 621 1063 non
652 1001 846 1076 alienigena.
872 1003 926 1062 Sic
950 1002 1137 1063 Herodotus
1160 1000 1306 1063 τὰτέκνα
1329 1003 1380 1065 καὶ

155 1115 211 1192 τὴν
233 1121 364 1194 γυναῖκα
386 1115 531 1191 appellat
552 1112 669 1185 οἰκέτας
686 1111 719 1185 ¹).

199 1230 376 1292 Dorienses
418 1245 508 1305 vero,
551 1230 692 1290 simulac
731 1230 878 1303 ipsorum
923 1227 1070 1288 Ἀπόλλων
1104 1226 1269 1306 Νόμιαςῑ)
1304 1248 1377 1294 cum

156 1347 327 1417 pastorum
347 1345 455 1419 prisco
473 1344 610 1404 numine
630 1341 767 1426 Καρνείῳ
787 1342 923 1417 coaluit,
946 1357 1067 1402 novam
1086 1344 1381 1420 inveneruntque

156 1456 275 1518 Oarnei
309 1456 472 1532 Apollinis
505 1472 625 1517 nornen
657 1455 874 1532 explicarent,
907 1457 1081 1517 rationem.
1113 1456 1262 1518 Tradidit
1291 1462 1380 1522 enim

156 1572 400 1647 Theopompus,
425 1574 539 1631 auctor
561 1575 631 1630 tam
656 1570 821 1631 Theocriti
845 1569 1044 1630 scholiastae
1062 1585 1161 1643 quam
1181 1571 1380 1651 Pausaniae,

158 1684 301 1745 Carnum
332 1684 418 1762 γένος
444 1682 474 1756 ἐξ
499 1684 694 1761 Ἀκαρνανίας
717 1685 943 1759 μαντευόμενον
967 1679 1000 1743 el
1023 1681 1053 1756 ἐξ
1080 1685 1259 1756 Ἀπόλλωνος
1283 1687 1381 1748 inter·

158 1799 280 1859 lectum
312 1814 385 1860 esse
415 1799 457 1858 ab
491 1798 635 1874 Hippola
664 1798 789 1872 Phylae
812 1796 896 1871 flli0;
922 1798 984 1859 hac
1007 1799 1047 1859 de
1070 1813 1172 1860 causa
1194 1801 1380 1875 Apollinem

157 1911 367 1972 Doriensium
397 1914 582 1973 exercitum
613 1913 804 1987 pestilentia
835 1927 992 1988 vexasse,
1023 1913 1125 1974 donec
1150 1917 1260 1974 vatem
1285 1917 1381 1976 Acar·

158 2042 279 2087 nauem
303 2027 464 2100 placarint
485 2024 670 2101 sacrificiis,
694 2028 728 2086 et
747 2025 787 2085 ab
801 2024 870 2117 'illo'
883 2027 957 2086 inde
977 2029 1125 2101 tempore
1145 2029 1232 2088 huno
1251 2044 1380 2088 morem

159 2142 193 2200 in
216 2141 442 2215 Peloponneso
466 2141 624 2216 viguisse.

203 2254 373 2315 Perhibuit
396 2253 619 2316 Wilamowitz
642 2255 786 2316 Carnum
810 2255 905 2314 illum
930 2257 1141 2316 Acarnanum
1166 2271 1240 2317 esse
1263 2272 1382 2333 epony·

160 2383 267 2439 mum,
305 2367 479 2430 Dorienses
513 2373 626 2429 autem
658 2383 734 2431 cum
765 2369 890 2430 diutius
920 2369 953 2428 in
977 2369 1110 2443 regione
1133 2384 1217 2443 quae
1239 2370 1384 2445 Apollini

159 2497 256 2542 sacra
289 2485 379 2542 esset
413 2482 632 2557 habitassent,
668 2481 767 2542 deum
797 2482 1022 2543 Acarnaniam
1053 2497 1166 2543 secum
1196 2499 1318 2544 novam
1350 2486 1382 2544 in

159 2595 302 2669 patriam
324 2597 460 2657 duxisse
470 2590 503 2666 ⁸).
523 2597 653 2657 Revera
672 2596 783 2658 insula
798 2597 960 2669 quaedam
977 2597 1062 2671 apud
1078 2597 1301 2659 Acarnaniam
1321 2600 1386 2658 sita

160 2704 179 2785 ἡ
211 2709 333 2787 Κάννας
365 2710 591 2786 appellabatur
603 2702 641 2785 ⁴),
673 2711 801 2772 incolae
831 2712 904 2771 eius
932 2710 964 2769 oi
989 2709 1134 2788 Κάρανον,
1155 2712 1241 2786 quod
1266 2726 1387 2772 nomen

160 2823 194 2883 in
237 2823 433 2884 memoriam
475 2826 610 2884 revocat
651 2823 721 2895 τοὺς
763 2823 919 2902 Κρανίαυς
954 2825 1146 2900 oppidulum
1181 2825 1388 2900 tetrapolidia

161 2935 411 3012 cephallenicae
427 2931 461 3007 ⁶).
492 2937 647 3013 Repperil
678 2941 790 2998 autem
821 2939 1004 2999 Pausanias
1034 2939 1068 2997 in
1100 2939 1153 2998 via
1183 2953 1247 3012 qua
1271 2939 1390 3014 Sparta

161 3052 228 3110 itur
258 3051 291 3110 in
322 3052 499 3113 Arcadiam
525 3051 660 3127 Κρανίου
684 3049 804 3128 τέμενος
828 3049 985 3130 ἐπίκλησιν
1007 3052 1197 3129 Στεμματίου
1214 3047 1247 3122 6).
1270 3053 1390 3113 Exstat

161 3178 291 3238 quoque
325 3165 412 3240 apud
445 3165 633 3226 Bekkerum
651 3161 687 3236 ⁷)ss
726 3170 981 3244 ,aucuparetur
1017 3166 1136 3244 μίμημα
1171 3174 1230 3225 τῶν
1264 3165 1391 3244 σχεδιῶν

162 3270 211 3349 αἷς
241 3276 390 3338 ἔπλευσαν
421 3278 453 3339 οί
474 3274 666 3358 Ἡρακλεῖδαι
697 3278 750 3339 τὸν
780 3279 891 3358 μεταξὺ
921 3288 981 3339 τῶν
999 3274 1093 3339 Ῥίων
1116 3279 1233 3357 ντόρον”
1247 3273 1270 3349 8)
1291 3282 1390 3354 atque

164 3392 250 3468 apud
267 3392 472 3468 Hesychium
492 3410 519 3454 S.
547 3411 578 3455 v.
602 3398 832 3470 στεμματιαῖον·
859 3391 1005 3470 ,altaalta
1028 3415 1055 3452 τι
1078 3391 1111 3452 ἐν
1134 3390 1222 3477 ἑορτῇ
1244 3390 1390 3469 πομπίυν

165 3506 330 3582 talpone?
348 3501 382 3576 ⁹).
407 3506 553 3580 Denique
574 3509 670 3568 docet
697 3508 804 3568 Schol.
828 3507 964 3568 Theocr.
989 3507 1026 3581 V,
1053 3508 1095 3567 83
1113 3507 1296 3568 daemones
1315 3507 1391 3567 illos

164 3623 281 3683 fuisse:
317 3622 431 3682 Iovem
469 3623 606 3699 Ἀγήτορα
641 3626 675 3684 et
708 3622 906 3698 Apollinem.
940 3621 1035 3681 Unde
1069 3623 1205 3697 apparet
1240 3623 1390 3695 tempore

202 3862 221 3924 ¹)
241 3867 316 3925 VIII,
336 3871 391 3916 loe.

200 3955 276 4018 por.
293 3964 341 4022 Ap.
359 3962 442 4010 auos.
460 3964 503 4020 ru,
522 3966 596 4012 ιντο.

197 4046 219 4109 ³)
235 4053 314 4099 Arist.
331 4066 356 4101 n.
375 4055 460 4102 Athen
476 4069 501 4114 p.
521 4056 553 4102 at
573 4060 600 4102 et
617 4059 657 4103 44.
676 4057 727 4103 Sed
744 4057 778 4103 ci.
795 4057 895 4105 Usener
912 4057 959 4104 llh.
974 4058 1008 4103 ll.
1022 4057 1086 4103 LIII
1096 4058 1157 4111 360;
1175 4053 1391 4114 mappularii.

166 4155 192 4200 p.
211 4144 274 4190 1281
293 4147 320 4191 st
338 4147 403 4192 lael
422 4149 486 4194 Ann.
507 4151 518 4195 1
538 4147 585 4194 nbi
604 4149 670 4195 aliae
687 4150 885 4207 explicationes.

199 4230 325 4296 ⁴)Steph.
345 4236 406 4297 Byn.
423 4241 439 4285 i.
457 4253 481 4286 v.
499 4237 538 4287 Cl.
556 4238 618 4287 Ficlr
635 4241 724 4300 Vorgr.
743 4242 829 4288 Orten.
849 4241 905 4287 135.

199 4325 221 4385 ⁵)
240 4329 323 4376 rhua.
340 4330 384 4388 11,
402 4333 442 4384 80,
462 4333 486 4378 A.

200 4415 222 4479 ⁸)
240 4422 388 4482 Panem,
406 4426 447 4482 20,
464 4427 487 4471 a.

200 4510 223 4574 ⁷)
239 4517 337 4564 Ansod.
354 4517 382 4574 1,
399 4519 457 4566 8⁰5.

202 4602 224 4667 ⁸)
239 4610 290 4656 Sic.
308 4610 414 4668 scripsi3
432 4610 557 4657 traditum
574 4613 615 4657 est
630 4613 711 4657 τόπον.

201 4697 382 4760 ⁰)Pr0p0suu
407 4703 435 4749 0.
462 4703 572 4750 Mueller
598 4702 739 4758 legendnm
766 4703 890 4759 δαιμόνων.
915 4701 1034 4750 Nilsson:
1061 4706 1183 4759 παμπνῦον
1209 4711 1258 4760 pro
1283 4699 1397 4757 aepulas

168 4795 238 4854 qnod
256 4793 345 4841 minus
361 4795 456 4855 placet.
