3525 5692
376 715 420 775 ‘la
902 727 944 772 or
967 727 1079 773 aruer.

419 903 581 963 Attamen
613 899 747 960 videtur
777 903 911 960 mutum
942 901 1015 960 eiua
1045 899 1150 960 latius
1178 898 1279 960 solito
1307 899 1426 974 nusae,
1456 914 1521 972 quo
1554 899 1606 960 vel

374 1014 457 1075 duos
467 983 644 1074 ‘homines
672 1015 786 1088 tegere
815 1016 938 1090 pomt.
970 1013 1033 1073 Sed
1063 1011 1168 1073 nolite
1191 1011 1342 1073 oblivisci
1364 1012 1465 1073 etium
1487 1015 1607 1087 postea

373 1140 643 1200 unumquemque
674 1123 869 1202 ὑποσιωιήο
900 1126 1005 1202 clipeo
1035 1141 1096 1186 suo
1126 1126 1236 1186 iustae
1263 1125 1392 1185 termae
1413 1128 1545 1200 praeter
1566 1141 1604 1184 se

374 1239 478 1302 adum
506 1254 635 1314 quoque
660 1240 835 1301 defendere
855 1241 1006 1316 potuisse
1028 1239 1124 1306 (Xen.
1151 1239 1256 1300 Anab.
1281 1237 1337 1314 IV,
1361 1239 1393 1314 2,
1417 1240 1481 1308 31).
1506 1239 1603 1313 Quor·

374 1368 452 1413 sum
484 1353 567 1412 baec
596 1353 733 1413 omnia?
761 1352 809 1412 ut
837 1351 1017 1427 probemus
1046 1350 1080 1412 τὸ
1109 1359 1164 1412 τοῦ
1194 1351 1306 1422 οάιοος
1336 1341 1425 1427 εὖρος
1447 1353 1604 1424 antiquos

318 1437 557 1542 “fliapeodoe
579 1481 788 1540 nequaquam
810 1468 859 1527 ita
881 1467 1119 1542 commovisse,
1144 1470 1181 1527 ut
1200 1467 1369 1542 proprium
1389 1481 1511 1528 nomen
1529 1467 1605 1526 inde

374 1581 544 1641 ducerent.
575 1580 718 1656 Revera,
741 1595 817 1641 sero
839 1582 976 1642 demum
999 1581 1179 1656 Eurysacis
1200 1595 1322 1641 nomen
1346 1581 1432 1656 apud
1456 1582 1607 1640 auctores

373 1709 511 1769 graecos
529 1693 741 1754 offendimus.
761 1693 917 1769 Quinimo
935 1693 1126 1770 sophocles,
1147 1695 1243 1755 cuius
1261 1696 1296 1754 in
1314 1693 1416 1754 Mace
1428 1693 1603 1767 Eurysacis

374 1821 497 1868 nomen
518 1807 665 1883 primum
686 1807 867 1882 invenitur,
891 1809 948 1881 qui
970 1807 1058 1868 hunc
1081 1806 1189 1868 tilium
1208 1823 1229 1868 a
1246 1807 1351 1883 patris
1367 1810 1465 1867 scuto
1483 1821 1602 1866 nomen

374 1920 542 1995 accepisse
561 1918 682 1994 voluit,
706 1934 749 1980 ne
771 1920 802 1979 ie
824 1919 957 1993 quidem
982 1921 1022 1980 de
1042 1921 1139 1996 clipei
1158 1920 1335 1980 latitudine
1352 1919 1460 1980 ullum
1480 1918 1604 1980 addidit

376 2033 530 2110 verbum,
554 2048 631 2093 cum
655 2033 797 2093 deerat:

596 2132 656 2204 ἆλῗ
682 2144 758 2206 αὐτό
780 2167 834 2222 μοι
857 2146 911 2222 σύ,
932 2150 1003 2224 παῖ,
1023 2144 1127 2224 λαβὼν
1149 2144 1325 2224 ἐπώνυμον,

596 2257 790 2338 Madame,
812 2258 890 2337 ἴσχε,
911 2257 963 2319 διὰ
985 2260 1187 2339 πολυρράφου
1210 2259 1348 2339 στρέφων

594 2372 768 2450 πόρπακος,
789 2369 953 2450 ἓπτᾶβοιον
975 2369 1129 2452 ἄρρηκτον
1150 2373 1252 2445 σάκος·

593 2484 630 2544 τὰ
653 2481 681 2544 ‹l’
708 2482 782 2545 ἄλλα
804 2487 893 2564 τεύχη
916 2480 992 2554 aele'
1020 2483 1086 2562 ἐμοὶ
1109 2487 1286 2562 τεθάψεται.

416 2599 569 2680 Videsne,
600 2602 656 2673 qui
684 2600 833 2674 tragicus
862 2602 963 2675 poeta
992 2601 1210 2677 structuram,
1242 2599 1484 2663 firmitudinem
1508 2603 1603 2679 clipei

373 2714 510 2788 indicet,
534 2712 624 2772 nullo
648 2711 749 2772 verbo
772 2711 813 2772 de
834 2711 1012 2772 latitudine
1036 2727 1079 2772 ne
1101 2713 1165 2773 boc
1186 2713 1319 2786 quidem
1342 2713 1424 2790 loco,
1448 2714 1506 2774 ubi
1526 2729 1604 2791 prae

372 2826 492 2886 ceteris
515 2824 670 2885 omnibus
693 2825 955 2899 exspectandum
980 2830 1085 2898 esset,
1111 2825 1249 2886 addito?

418 2939 536 3000 Stabat
557 2939 592 2999 in
614 2940 748 3021 Κολωνῷ
771 2935 916 3023 ἀγοραίῳ,
939 2940 973 2998 in
996 2939 1094 3000 demo
1117 2939 1297 3016 Melitensi,
1329 2953 1388 2999 ara
1411 2939 1602 3015 Eurysacis,

372 3052 405 3112 rb
430 3051 651 3130 Εὐροσάκειον.
676 3052 774 3112 Nulla
796 3056 910 3114 autem
934 3069 1017 3129 gens
1039 3054 1318 3128 Eurysacidarum
1341 3069 1488 3128 unquam
1507 3057 1603 3115 Athe·

373 3168 425 3227 nis
448 3166 524 3243 fuit,
549 3170 588 3226 ut
610 3170 700 3227 recte
723 3166 918 3227 observavit
941 3166 1100 3243 'l'oeppier
1123 3170 1193 3227 Ati.
1217 3167 1351 3228 Geneal.
1371 3183 1402 3242 p.
1424 3168 1500 3228 278.
1519 3168 1602 3228 Nam

372 3282 428 3354 qui
461 3279 502 3340 ab
532 3281 632 3340 Aiace
653 3295 689 3342 se
712 3280 871 3341 oriundos
894 3280 1125 3356 perhibebant,
1150 3279 1402 3354 appellabantur
1424 3280 1603 3341 Philaidae.

373 3397 416 3456 Hi
440 3409 518 3455 vero
541 3395 709 3453 Braurona
731 3393 900 3454 sedebant.
924 3393 1081 3454 Philaeus
1105 3409 1292 3469 eponymus
1313 3393 1431 3454 horum
1457 3395 1602 3454 virorum

373 3509 413 3570 ab
447 3507 522 3567 aliis
551 3506 655 3566 irater
685 3504 725 3567 ab
756 3506 831 3566 aliis
860 3505 951 3568 iilius
981 3507 1158 3582 Eurysaeis
1189 3507 1380 3580 vocabatur.
1397 3507 1481 3584 ‚Qua
1504 3523 1544 3568 ex
1566 3522 1602 3567 re

374 3621 459 3684 efflei
490 3624 599 3696 potest
630 3620 831 3693 Eurysacem
855 3621 992 3681 heroem
1017 3619 1210 3698 obscurum,
1234 3621 1275 3682 de
1297 3636 1361 3695 quo
1385 3625 1461 3680 ante
1483 3621 1600 3696 Sopho·

372 3735 459 3796 clem
489 3748 654 3807 nusquam
681 3734 856 3807 quicquam
881 3734 1040 3810 innotuit,
1061 3733 1170 3794 locum
1195 3735 1291 3794 iuxta
1314 3735 1452 3794 Aiacem
1475 3736 1509 3793 et
1530 3733 1599 3793 Phi·

371 3848 482 3908 laeum
505 3862 572 3907 non
594 3845 750 3907 habuisse
773 3847 832 3906 sed
856 3846 920 3906 sibi
944 3848 1162 3921 quaesivisse.

415 3959 495 4021 Post
527 3974 643 4020 omnes
676 3959 810 4036 heroes,
834 3960 890 4035 qui
913 3962 1044 4036 ascetis
1073 3963 1124 4021 vel
1148 3977 1166 4020 e
1189 3957 1331 4022 moribus
1353 3961 1458 4035 patris
1480 3975 1600 4022 nomen

369 4089 467 4134 suum
492 4074 674 4149 duxerunt,
699 4076 737 4134 ut
758 4073 949 4151 Astyanax,
972 4075 1204 4150 Telemachus,
1225 4074 1437 4150 Tisamenus,
1458 4074 1527 4151 ille,
1548 4074 1602 4147 qui

370 4205 390 4250 a
412 4187 515 4266 patris
533 4192 617 4248 scuto
638 4190 690 4248 est
708 4188 960 4262 denominatus,
980 4188 1233 4249 recentissimus
1252 4191 1306 4249 est
1324 4202 1429 4261 neque
1452 4187 1513 4247 ulli
1536 4202 1600 4248 non

370 4303 465 4377 parvi
488 4301 654 4362 videbitur
675 4302 784 4376 pretii.
815 4302 950 4362 Minime
982 4303 1144 4362 miramur
1167 4301 1271 4362 talem
1294 4302 1429 4363 heroem
1452 4304 1604 4376 posteros

368 4417 478 4478 nullos
490 4416 674 4489 reliquisse.
687 4416 839 4478 Habebat
851 4417 984 4490 quidem
998 4431 1093 4477 aram
1104 4417 1139 4476 in
1151 4417 1248 4477 demo
1260 4416 1436 4490 Melitensi,
1450 4415 1508 4492 sed
1522 4429 1603 4490 quae

369 4530 458 4590 haud
474 4530 570 4590 dubie
582 4530 786 4604 temporibus
798 4531 1036 4592 recentioribus
1049 4532 1121 4592 erat
1133 4532 1256 4605 erecta,
1278 4530 1423 4590 fortasse
1435 4528 1604 4602 Sophoclis

370 4645 506 4706 demum
526 4646 646 4718 aetate,
667 4645 719 4704 cui
738 4644 925 4719 Eurysaces
945 4661 1005 4705 rex
1021 4645 1223 4705 Salaminius
1234 4645 1308 4704 tuit.
1322 4645 1409 4704 Arae
1422 4643 1604 4703 Melitensis

370 4757 483 4820 nullus
506 4759 711 4819 mentionem
734 4757 813 4820 iecit
835 4762 913 4820 ante
937 4759 1138 4820 Pausaniam
1163 4761 1197 4821 et
1219 4756 1527 4835 Harpocrationem.
1575 4829 1580 4835 ,
